2310 3841
686 122 700 134 ⁹
865 115 1276 164 COMMENT-

196 186 247 222 dia
255 186 355 222 vestra
365 183 482 222 efficiet
491 184 569 234 quin
582 185 721 233 superior
733 197 875 236 emergat
883 187 950 221 Dei
958 187 1042 220 veri-

198 238 380 270 tas.vrbem
391 248 474 272 Deus
487 235 600 270 saluam
613 237 652 269 ab
665 235 808 271 hostibus
826 242 857 270 ὅ(
877 235 1042 271 incolume

198 282 268 317 fore
278 284 439 330 promittit
450 297 458 317 ι
469 283 488 318 li
499 296 565 318 non
576 282 707 319 sufficiat
718 285 785 319 eius
796 285 942 322 verbum,
953 282 1038 319 obsi-

198 332 363 378 gnationis
392 330 531 367 telscram
548 332 652 369 vestro
670 333 805 368 arbitrio
825 333 900 366 dare
917 342 1041 377 paratus

196 378 252 413 est.
291 381 468 415 Excluditis
477 392 633 428 vtranque
641 382 785 428 gratiam,
795 384 825 416 ἃ
836 380 949 414 arcetis
959 380 1040 414 avo-

195 426 248 461 bis
270 441 277 461 :
315 428 520 463 stabittamen
541 441 622 464 Deus
640 431 672 462 in
693 429 869 466 constantia
888 427 1037 474 pactisui.

194 476 304 510 veniet
315 476 402 510 enim
413 476 579 523 promissus
587 477 820 524 redemPtor,in
832 489 897 523 quo
908 475 939 510 se
952 482 1039 511 Deus

194 521 336 569 perfecffe
352 526 474 571 populo
493 524 547 560 suo
571 525 753 571 praesentem
772 525 896 560 statuet.
935 523 1038 559 Obii-

193 573 281 606 ciunt
292 573 387 615 Iudaei
399 573 551 613 ‚stulte&
569 572 862 609 absurdefaeturum
879 571 969 607 fuiss'e
987 576 1037 607 Ie-

192 618 287 655 faiam
300 621 320 654 fi
332 622 416 656 illius
435 621 529 656 seculi
543 621 736 657 horninibus
749 621 872 669 signum
892 619 1037 659 dedisset,

192 670 281 715 quod
299 670 496 718 offingentis
514 669 621 716 postea
640 671 731 704 annis
741 682 793 705 aut
811 670 938 704 circiter
953 691 963 708 ,
975 668 1035 717 fuit

190 717 378 753 exhibitum.
427 719 468 752 Et
478 719 530 754 hic
547 717 712 765 plusquam
733 718 865 763 superbe
885 719 1034 752 exultant:

189 777 230 812 qu
237 765 264 800 ia
276 766 592 802 Christianorumvel
602 766 959 814 imperidawebincuria
969 765 1033 799 haec

190 815 337 849 obiefflo
348 816 502 860 ptaeterita
511 818 542 849 &
554 813 672 861 sepulta
683 813 755 851 fuit.
765 814 866 862 Atqui
875 814 957 848 mihi
966 826 1034 847 non

190 861 332 896 difficilis
341 864 466 897 videtur
476 861 605 898 solutio:
632 863 654 897 fi
674 863 804 910 quidem
816 861 1034 899 obstruemus,

189 907 293 945 foedus
311 911 496 956 adoptionis
513 912 622 946 datum
649 911 761 946 ludaeis
777 907 864 946 fuifl‘e
881 909 966 955 vnde
985 921 1035 943 re-

186 959 273 1005 liqua
299 961 411 993 omnia
441 959 506 994 Dei
531 959 688 994 beneficia
714 960 899 1008 penderent.
961 959 1037 993 Erat

187 1019 265 1054 ergo
290 1008 449 1054 generalis
473 1008 640 1054 promissio
673 1033 683 1046 ,
720 1021 780 1054 qua
802 1007 978 1043 fibiereus
996 1004 1036 1039 fi-

185 1055 249 1089 lios
267 1055 402 1097 Abrahae
420 1057 453 1090 in
474 1058 629 1102 populum
650 1066 856 1103 cooptauerat
884 1078 894 1094 ‚
932 1056 1037 1101 inqua

185 1101 321 1140 fundatae
328 1115 417 1140 erant
427 1103 576 1150 speciales
586 1118 702 1140 omnes
713 1103 836 1151 promis
834 1104 1036 1138 fionesssur-

185 1151 235 1186 sus
245 1151 374 1188 foederis
384 1152 478 1187 huius
486 1150 731 1188 fundamentum
744 1166 808 1188 erat
818 1151 956 1188 Meliias.
967 1154 1035 1185 Iam

185 1210 332 1236 tenemus
353 1224 362 1240 ,
399 1201 520 1237 causam
547 1202 719 1237 liberandae
744 1202 832 1236 vrbis
854 1199 945 1250 fuisse
963 1200 1035 1246 quia

184 1249 252 1282 Dei
263 1247 472 1284 sanetuarium
484 1262 549 1284 erat
560 1251 678 1286 &inde
689 1250 874 1296 proditurus
885 1260 950 1283 erat
968 1249 1035 1281 Re-

184 1297 348 1344 demptor.
368 1301 443 1333 Hoc
454 1298 749 1344 respeftuliiblatm
768 1295 1035 1343 ceritiesperiisset

184 1346 425 1392 Hierosolyma.
437 1347 624 1394 Expendant
634 1359 718 1381 nunc
729 1346 772 1393 pij
782 1347 1032 1392 lectores‚quum

184 1394 294 1440 aperte
328 1396 476 1430 reiiceret
509 1396 626 1430 domus
652 1396 740 1440 regia
758 1395 904 1429 oblatum
921 1393 938 1428 a
955 1395 1033 1428 Deo

185 1441 441 1490 fignuin,2111110n
453 1454 650 1489 opportunus
659 1441 755 1477 fuerit
766 1442 933 1489 Prophetae
945 1453 1033 1475 tran-

184 1489 258 1526 situs
272 1493 312 1526 ad
321 1490 468 1528 Messinm
493 1505 502 1524 ε
541 1504 575 1526 ac
587 1491 760 1529 fidixiffet,
787 1491 933 1531 Quanuis
944 1487 1032 1524 secu-

179 1539 249 1572 lum
261 1539 323 1574 hoc
335 1539 430 1574 salute
444 1552 537 1586 quam
549 1541 565 1574 a
579 1541 727 1575 Domino
748 1539 926 1585 polliceor,
947 1538 1032 1572 indi-

181 1599 282 1633 gnum
295 1586 330 1620 sit
342 1601 350 1621 ε
362 1589 452 1622 Deus
463 1600 568 1622 tamen
580 1585 711 1623 foederis
720 1587 765 1631 sui
777 1586 1031 1625 memor‚vrbem

179 1634 262 1669 hanc
273 1635 312 1668 ab
322 1635 470 1671 hostibus
484 1636 701 1685 cripiet.Erg0
712 1649 745 1672 vt
755 1637 878 1670 nullum
893 1635 1032 1682 particu—

181 1686 247 1717 lare
265 1681 389 1731 fignum
401 1697 468 1718 non
486 1685 558 1719 edat
568 1685 715 1721 testandae
732 1686 838 1732 gratiae
857 1683 913 1718 suae
930 1680 1030 1721 causa,

180 1731 245 1765 hoc
269 1744 366 1768 vnum
385 1731 457 1767 satis
470 1731 625 1781 supe'rque
642 1731 702 1768 effe
718 1733 815 1768 debet
849 1756 859 1770 ‚
885 1732 976 1779 quod
994 1744 1030 1766 ex

153 1779 155 1781 ’
179 1779 277 1825 stirpe
289 1780 575 1821 Dauidisoriturus
599 1781 635 1816 sit
657 1780 794 1817 Mesfias.
834 1780 1029 1816 Notandum

180 1827 260 1862 vero
271 1827 349 1867 est',
375 1830 463 1876 quod
474 1829 658 1865 incredulos
679 1840 809 1865 reuocat
821 1828 979 1874 Propheta
989 1829 1029 1863 ad

181 1877 329 1924 generale
347 1875 451 1912 foedus
477 1901 488 1916 ,
515 1877 652 1924 speciem
673 1875 733 1913 effe
757 1876 1028 1923 exprobrationis,

180 1937 222 1958 co
249 1926 338 1972 quod
363 1927 486 1968 nullum
514 1927 701 1972 particulare
728 1925 851 1974 signum
878 1926 1029 1960 admitte-

179 1984 261 2006 rent.
273 1977 339 2007 lam
352 1971 432 2009 mihi
444 1973 514 2006 satis
528 1973 675 2017 probasse
683 1975 809 2013 videor,
819 1972 1026 2019 Prophetam,

178 2032 277 2067 quum
297 2018 442 2064 praeclusa
468 2018 542 2053 esset
569 2021 728 2059 miraculis
743 2021 897 2057 omnibus
923 2022 1026 2059 ianua,

181 2066 425 2120 tempestiugffad
435 2066 600 2101 Christum
610 2066 742 2101 transire
755 2080 763 2099 ι
774 2079 806 2113 vt
820 2069 965 2114 cogitent
976 2069 1028 2105 in-

180 2115 300 2148 creduli
309 2117 376 2148 no'n'
386 2115 478 2153 aliam
488 2112 575 2149 fuisse
586 2114 785 2149 liberationis
793 2111 1026 2160 causam‚qu':⁸im

178 2161 286 2196 foedus
294 2175 366 2196 cum
381 2163 525 2198 Patribus
534 2161 660 2198 initum.
670 2166 778 2208 Atque
789 2161 852 2196 hoc
863 2174 915 2195 me
922 2173 1026 2195 mora-

179 2207 239 2244 bili
250 2210 448 2245 documento
463 2211 567 2246 testari
579 2211 682 2246 voluit
701 2213 792 2247 Deus
814 2210 969 2244 omnibus
979 2209 1026 2243 se-

178 2259 257 2292 culis
281 2280 291 2296 ,
317 2258 392 2293 ideo
410 2259 439 2293 se
461 2260 619 2293 continuo
637 2270 752 2292 tenore
761 2270 824 2293 tam
842 2257 1026 2291 beneficum

177 2304 267 2340 fuisse
276 2319 352 2354 erga
362 2306 496 2351 Aurahae
505 2306 605 2345 filios,
616 2307 689 2354 qnia
698 2308 870 2352 gratuitum
879 2305 1026 2339 cumillis

177 2352 294 2392 foedus,
311 2358 342 2388 δι
356 2354 389 2387 in
402 2352 546 2401 Chffisto,
556 2367 624 2392 non
633 2367 746 2388 eorum
757 2353 1026 2400 meritis‚pepige-

176 2412 237 2437 rat.
281 2403 397 2436 Altero
407 2399 523 2437 cauillo
540 2401 680 2437 nostram
691 2402 878 2436 sententiam
896 2403 1026 2436 eludere

177 2460 334 2484 conantur
348 2450 442 2484 Iudaei
460 2465 470 2484 :
497 2451 570 2498 quia
590 2463 666 2485 mox
679 2450 861 2496 sequiturin
873 2460 1024 2485 contextu

175 2498 353 2544 Prophetae.
382 2502 565 2545 Antequam
587 2497 747 2546 sciatpuer
766 2498 940 2545 reprobare
956 2512 1026 2532 ma-

175 2547 267 2584 lum,
290 2550 322 2581 &
341 2548 459 2592 eligere
477 2547 602 2585 bor-ium
628 2569 639 2585 ,
666 2547 863 2594 relinquetur
874 2558 990 2581 terrani
1007 2547 1025 2581 a

175 2594 303 2628 duobus
312 2595 469 2641 Regibus,
479 2599 540 2630 &c.
552 2595 640 2630 Hinc
649 2595 809 2643 colligunt
818 2596 966 2641 promitti
977 2596 1023 2628 in-

176 2639 417 2689 fantispartum,
427 2644 482 2692 qui
495 2643 630 2682 minime
639 2643 671 2677 in
680 2644 817 2691 longum
827 2655 952 2689 tempus
962 2641 1024 2677 dif-

1892 137 1936 174 29

1089 188 1182 231 paulo
1199 186 1272 235 post
1281 185 1427 226 nascituri
1444 199 1540 224 erant.
1577 188 1743 223 Haeremus
1761 188 1873 223 validis
1884 201 1934 222 ra-

1088 236 1234 270 tionibus
1244 259 1253 274 ,
1267 236 1323 270 nili
1333 235 1438 276 fallor,
1448 242 1479 272 ἃ
1489 238 1599 272 solidis
1610 235 1740 272 refutaui
1753 237 1934 273 Iudaeorum

1088 284 1261 321 calumnias
1277 307 1288 323 ‚
1313 286 1430 332 quibus
1441 286 1563 321 Christi
1575 287 1711 334 gloriam
1729 284 1867 326 obruere
1878 298 1934 318 cc-

1087 342 1214 372 nanrur,
1227 346 1267 367 ne
1280 334 1314 366 in
1325 337 1388 368 hoc
1400 332 1551 370 vaticinio
1565 332 1731 382 refulgeat.
1771 335 1868 368 Nunc
1886 333 1935 364 ‹li-

1085 379 1239 415 luendum
1253 382 1346 417 restat
1356 384 1486 417 illorum
1498 384 1655 421 cauillunr
1675 384 1708 420 in
1718 394 1799 418 voce
1833 379 1932 414 flffi'l·

1086 429 1241 462 Proterue
1257 432 1417 477 exagitant
1428 431 1627 469 Matthaeum,
1654 442 1708 478 qui
1717 431 1884 466 Christum
1895 444 1933 465 ex

1086 476 1224 524 Virgine
1233 489 1343 512 natum
1354 480 1584 526 probet,quum
1603 476 1934 516 nomen'l-lebraicum

1085 524 1268 570 simpliciter
1279 528 1416 573 puellam
1432 526 1659 574 notennosque
1675 526 1933 575 subsmnam,qui

1083 585 1167 608 voce
1175 586 1340 621 perperam
1359 577 1481 611 reddita
1491 578 1627 622 decepti,
1639 577 1803 610 credamus
1816 590 1852 610 ex
1861 577 1932 623 Spi-

1083 621 1147 656 ritu
1157 620 1265 656 sancto
1275 634 1382 659 natum
1395 623 1565 672 effe,quem
1578 624 1736 670 Propheta
1745 625 1868 658 tantum
1880 625 1930 659 di-

1083 671 1127 704 cit
1144 668 1213 707 fore
1232 673 1343 717 puellae
1365 674 1479 708 filim-n.
1517 673 1618 720 Atqui
1637 672 1778 718 primuni
1797 673 1932 708 nimiam

1081 719 1203 760 rixandi
1213 720 1384 756 libidinem
1396 723 1428 756 in
1440 735 1479 756 eo
1491 722 1631 768 produnt
1642 743 1652 760 ,
1673 722 1747 755 dum
1760 734 1879 755 nomen
1893 723 1933 755 dc

1083 767 1187 812 puella
1203 768 1275 802 viro
1287 771 1418 816 cognita
1433 772 1680 818 intelligendum
1700 781 1812 816 vrgent
1824 794 1832 808 ,
1845 770 1934 816 quod

1081 815 1191 859 paslim
1204 817 1553 866 virginibusScriptura
1564 819 1684 854 tribuit.
1723 821 1890 853 Conuenit
1899 830 1935 852 e-

1083 863 1160 896 tiarn
1172 865 1381 912 etymologia.
1418 880 1492 902 nam
1502 867 1744 902 absconsionem
1756 866 1858 905 sonat,
1870 879 1932 913 qua

1083 921 1212 951 notatur
1230 912 1395 960 virginalis
1413 916 1527 959 pudor.
1570 919 1695 950 Locum
1716 928 1812 949 vnum
1833 916 1932 949 addu-

1084 969 1161 992 cunt
1175 972 1212 993 ex
1221 960 1474 996 Prouerbiorum
1494 976 1560 1008 cap.
1575 975 1655 1005 30.c.
1683 976 1726 1008 19.
1757 965 1810 1009 qui
1823 976 1930 997 tamen

1084 1007 1166 1041 nihil
1179 1008 1243 1042 illis
1253 1007 1522 1057 suffragatur.lllic
1535 1012 1572 1045 de
1585 1013 1687 1057 puella
1699 1025 1794 1059 quam
1807 1011 1931 1046 adoles-

1058 1063 1060 1065 “
1085 1068 1160 1106 cens
1169 1056 1450 1106 deperit,loquitur
1460 1061 1694 1105 SolornO.atqui
1708 1073 1772 1092 non
1784 1062 1931 1104 protinus

1085 1105 1224 1151 (equitur
1244 1118 1425 1152 corruptam
1445 1106 1504 1142 effe
1521 1109 1608 1142 cuius
1625 1120 1736 1142 amore
1753 1109 1929 1142 arderado-

1083 1153 1212 1187 lest-ens:
1225 1154 1291 1189 imo
1302 1152 1464 1190 coiectura
1475 1158 1508 1190 in
1520 1156 1674 1190 diuersam
1692 1167 1816 1202 partem
1830 1157 1931 1203 tnagis

1085 1201 1158 1236 esset
1166 1203 1354 1248 probabilis.
1372 1205 1504 1239 Deinde
1515 1216 1547 1240 vt
1559 1205 1598 1239 de
1609 1207 1744 1239 nomine
1754 1207 1930 1239 concedam

1083 1251 1170 1298 quod
1182 1250 1341 1296 postulant
1352 1274 1361 1288 ,
1373 1265 1421 1287 res
1431 1264 1538 1288 tamen
1551 1253 1671 1288 euincit
1683 1266 1717 1287 ac
1740 1253 1829 1286 fateri
1844 1253 1933 1300 cogit

1083 1301 1122 1332 cie
1133 1310 1222 1344 partu
1233 1299 1373 1334 mirabili
1383 1305 1415 1335 δε
1425 1301 1556 1336 insolito
1567 1302 1659 1348 loqui
1672 1302 1933 1348 prophetam-bi-

1082 1358 1182 1394 gnum
1194 1347 1223 1381 se
1232 1348 1402 1383 &Domino
1412 1347 1524 1384 afferre
1536 1351 1768 1396 clamat-neque
1779 1354 1809 1384 iti
1820 1351 1932 1396 vulga—

1081 1393 1182 1433 re,sed
1197 1398 1284 1443 quod
1296 1399 1450 1440 praecellat
1461 1400 1529 1432 aliis
1540 1398 1704 1432 omnibus.
1714 1400 1743 1432 Si
1756 1398 1845 1432 tantu
1852 1412 1880 1431 m
1892 1410 1932 1443 pa

1081 1443 1213 1478 rituram
1234 1446 1402 1480 mulierem
1415 1447 1547 1484 diceret,
1568 1447 1662 1493 quam
1673 1447 1806 1481 ridicula
1826 1445 1930 1481 fuiss‘et

1079 1492 1251 1539 magnifica
1260 1493 1312 1528 illa
1323 1492 1480 1540 praefatio?
1494 1496 1651 1530 Videmus
1661 1507 1692 1529 vt
1706 1494 1754 1528 sua
1765 1497 1929 1542 proteruia

1081 1541 1177 1574 Iudaei
1187 1554 1253 1575 non
1263 1541 1294 1575 se
1308 1543 1427 1581 modo,
1441 1541 1493 1577 sed
1505 1544 1686 1578 ven‘erando
1698 1545 1763 1578 Dei
1777 1543 1927 1590 mysterio

1079 1588 1222 1622 ludibrio
1233 1601 1404 1635 exponant.
1416 1593 1488 1626 Nec
1500 1594 1593 1626 inane
1604 1604 1828 1639 argumentum
1839 1593 1930 1627 duci-

1079 1647 1129 1670 tur
1143 1648 1260 1672 extoto
1273 1641 1620 1686 contextu,C0nc1piet
1631 1642 1744 1685 puella.
1764 1643 1833 1676 Cur
1844 1642 1930 1674 nulla

1079 1684 1116 1718 fit
1124 1686 1184 1719 viri
1196 1688 1459 1734 mentio?aliquid
1473 1691 1607 1723 minime
1619 1688 1762 1722 vstratuni
1775 1702 1929 1723 commen

1080 1735 1130 1768 dat
1139 1735 1311 1780 Propheta.
1336 1738 1525 1772 Mandatum
1537 1738 1653 1771 deinde
1663 1739 1772 1782 puellae
1785 1737 1929 1784 iniungi-

1079 1792 1129 1815 tur
1140 1784 1179 1817 de
1200 1784 1401 1818 nominando
1417 1797 1535 1830 puero:
1549 1798 1606 1831 qua
1617 1786 1712 1819 etiam
1725 1787 1756 1818 in
1772 1797 1858 1828 parte
1871 1786 1927 1819 ali-

1079 1830 1155 1876 quid
1166 1833 1452 1868 extraordinarium
1463 1834 1581 1869 indicat
1593 1833 1765 1880 Propheta.
1775 1837 1860 1869 Nam
1872 1832 1927 1868 etsi

1079 1879 1256 1927 plerunque
1267 1877 1363 1914 refert
1373 1882 1532 1929 Scriptura
1551 1905 1561 1920 ‚
1583 1882 1730 1928 imposita
1751 1882 1838 1917 fuilse
1848 1895 1926 1927 pue-

1077 1927 1120 1961 ris
1131 1929 1265 1962 nomina
1273 1929 1290 1963 a
1301 1929 1456 1964 matribus
1465 1954 1475 1969 ,
1487 1930 1584 1965 fiebat
1594 1942 1701 1964 tamen
1711 1931 1742 1964 id
1755 1945 1791 1965 ex
1801 1942 1925 1976 patrum

1077 1975 1280 2011 authoritate.
1327 1978 1488 2026 Propheta
1499 1991 1577 2026 ergo
1589 1979 1770 2013 sermonem
1785 1979 1821 2012 ad
1834 1979 1924 2025 puel-

1075 2025 1139 2058 lam
1150 2025 1292 2072 dirigens
1302 2047 1312 2063 ,
1323 2026 1399 2060 viris
1409 2027 1441 2060 in
1451 2027 1514 2060 hoc
1526 2039 1626 2070 puero
1637 2027 1748 2061 adimit
1768 2026 1923 2072 quicquid

1076 2071 1226 2105 iurisillis
1237 2071 1338 2106 defert
1346 2073 1429 2109 ordo
1441 2085 1565 2107 naturae.
1583 2075 1695 2107 Manet
1705 2087 1785 2119 ergo
1798 2075 1874 2107 illud
1885 2074 1922 2108 fi-

1075 2115 1283 2154 xum‚laudari'
1300 2118 1424 2165 infigne
1434 2120 1499 2153 Dei
1510 2121 1698 2154 miraculum
1717 2121 1733 2154 ὲ
1752 2121 1923 2167 Propheta,

1076 2165 1164 2211 quod
1183 2165 1303 2199 attente
1322 2169 1352 2200 δε
1371 2178 1556 2201 reuerenter
1572 2167 1615 2213 pij
1640 2181 1754 2202 onmes
1776 2169 1920 2205 conlide-

1074 2223 1165 2246 rent:
1194 2214 1282 2258 quod
1292 2214 1386 2247 Iuclaei
1398 2215 1531 2261 indigne*
1539 2214 1752 2260 prophanam,
1762 2219 1800 2251 ad
1810 2220 1920 2263 vulga-

1073 2271 1142 2293 rem
1155 2271 1346 2306 conceptum
1359 2260 1582 2296 transferentes
1593 2265 1681 2310 quod
1692 2265 1729 2298 de
1740 2267 1921 2312 arcanaSpi-

1074 2308 1154 2342 ritus
1163 2309 1280 2343 virtute
1291 2309 1422 2343 dicitur.

1113 2367 1144 2400 23
1181 2357 1304 2392 Nomen
1323 2361 1385 2391 eius
1395 2358 1591 2392 Emmanuel.
1623 2363 1634 2397 )
1669 2361 1759 2395 Solet
1789 2363 1918 2400 quidem

1073 2407 1232 2451 Scriptura
1248 2405 1287 2439 sic
1297 2405 1407 2452 loqui,
1418 2409 1528 2441 Deum
1542 2407 1600 2440 esse
1612 2408 1783 2449 nobiscum
1798 2403 1852 2443 {sbi
1865 2423 1919 2443 au-

1073 2453 1152 2486 xilio
1163 2454 1216 2486 suo
1229 2457 1260 2488 &
1270 2455 1370 2500 gratia
1380 2454 1475 2488 nobis
1485 2455 1588 2495 adest,
1601 2454 1776 2503 mansisque
1791 2457 1846 2492 suae
1857 2458 1918 2492 vir-

1073 2512 1175 2535 tutem
1185 2501 1223 2536 ad
1233 2514 1295 2535 nos
1305 2503 1442 2537 tuendos
1452 2503 1562 2536 exerit⁴
1599 2505 1657 2537 Sed
1670 2505 1719 2539 hic
1729 2507 1916 2550 exprimitur

1073 2549 1191 2583 modus
1202 2561 1266 2596 quo
1285 2551 1376 2584 Dens
1386 2563 1460 2585 cum
1479 2550 1668 2586 hominibus
1685 2554 1915 2592 communicat.

1073 2609 1146 2632 nam
1156 2608 1240 2631 extra
1250 2598 1416 2633 Christum
1427 2599 1466 2633 ab
1485 2598 1553 2643 ipso
1563 2599 1668 2635 sumus
1684 2602 1811 2641 alienati
1836 2616 1842 2634 :
1859 2614 1916 2649 per

1073 2645 1240 2680 OEhristum
1253 2647 1332 2682 vero
1344 2659 1410 2680 non
1422 2646 1524 2681 solum
1535 2649 1706 2695 recipimur
1723 2650 1755 2683 in
1768 2652 1834 2683 eius
1845 2662 1914 2696 gra-

1938 2682 2059 2719 Epkefizl

161 2690 325 2726 *ferendus
341 2702 417 2726 erat.
464 2693 585 2742 alioqui
607 2705 673 2725 non
693 2692 861 2739 quadraret
880 2696 968 2738 quod
983 2692 1023 2726 de

177 2739 358 2787 propinqua
369 2752 543 2788 regnorum
555 2741 734 2777 mutatione
752 2740 867 2787 dicitur
891 2763 901 2778 ,
928 2752 1023 2786 quam

177 2787 338 2832 Propheta
355 2786 426 2822 fore
452 2788 618 2824 denuntiat
635 2799 805 2834 antequam
834 2785 938 2822 infans
967 2788 1023 2823 ille

1072 2693 1216 2731 tiam-used
1227 2706 1325 2728 vnum
1336 2707 1408 2729 cum
1418 2708 1457 2729 eo
1468 2693 1741 2744 efficimur.de
1753 2709 1856 2732 autem
1869 2700 1911 2732 do
1936 2721 1954 2749 d
1967 2731 2003 2750 Γ.

1073 2753 1121 2776 cet
1130 2742 1243 2776 Paulus
1252 2743 1376 2777 Iudaeos
1385 2743 1473 2777 fuifl'e
1482 2746 1684 2791 propinquos
1697 2748 1771 2779 Deo
1781 2745 1837 2778 sub
1847 2750 1910 2780 Le·
1937 2743 2018 2790 ῥέξῃ,
2051 2766 2077 2789 6,

1071 2803 1112 2838 ge
1135 2804 1143 2824 :
1170 2788 1258 2824 fuiss‘e
1267 2791 1346 2825 vero
1355 2791 1402 2824 illi
1426 2792 1559 2836 capitale
1571 2804 1642 2826 cum
1654 2793 1816 2829 Gentibus
1826 2793 1912 2828 dissi-
1937 2801 2074 2835 c-15-&7-

19 2940 121 2976 '12Tu'm3
131 2939 160 2969 d.

175 2835 344 2882 pueritiam
356 2837 496 2872 mediam
507 2836 860 2885 attigerit,Respondeo
870 2858 881 2874 ,
917 2835 972 2870 vbi
983 2836 1022 2870 si-

176 2896 278 2932 gnum
287 2884 328 2921 de
337 2882 445 2918 futuro
456 2884 560 2920 salutis
569 2885 704 2919 authore
711 2886 846 2933 protulit
856 2883 976 2923 Esaias,
989 2889 1021 2920 ὃ(

178 2930 333 2970 infantem
344 2931 670 2969 nasciturumafferuit
688 2934 742 2979 qui
760 2946 852 2968 verus
868 2932 944 2968 esset
953 2936 1021 2967 Im-

176 2981 317 3019 manuel,
326 2981 376 3017 vel
386 2982 448 3026 (vt
457 2982 546 3016 Pauli
556 2981 657 3019 verbo
668 2986 757 3021 vtar)
783 2984 877 3019 Deus
885 2982 917 3015 in
928 2993 1021 3016 carne

150 3035 153 3038 ’
176 3027 403 3068 manifestatus,
420 3029 449 3065 ia
458 3029 675 3064 communiter
685 3029 780 3064 verba
789 3028 890 3064 facere
898 3030 938 3063 de
947 3032 1020 3076 qui-

176 3077 314 3113 buslibet
323 3078 391 3112 eius
401 3078 500 3117 aetatis
511 3077 698 3119 infantibus.
708 3078 810 3112 Cuius
819 3081 864 3113 rei
874 3078 966 3112 firma
975 3078 1020 3115 est

175 3125 210 3160 in
220 3137 279 3172 pro
316 3137 370 3172 ptu
381 3126 482 3165 ratio,
493 3123 637 3170 praefatus
648 3125 734 3159 enim
745 3126 785 3159 de
803 3127 944 3174 generali
964 3139 1019 3172 pa-

174 3175 230 3209 ἂο
239 3176 273 3209 D
315 3197 326 3212 ‚
336 3175 416 3209 redit
433 3174 471 3209 ad
481 3173 647 3220 specialem
657 3172 901 3219 promissionem
911 3196 921 3212 ‚
931 3176 1019 3210 cuius

174 3222 266 3256 causa
275 3220 381 3257 missus
391 3221 549 3257 fuerat.1ta
560 3223 647 3269 prior
659 3222 748 3256 locus
758 3222 814 3268 qui
823 3223 861 3256 ad
870 3223 1018 3258 vltimam

172 3272 211 3307 ,δι
221 3270 347 3316 plenam
360 3271 619 3316 redemptionem
629 3268 659 3314 sp
665 3270 757 3308 efiat,
772 3281 894 3305 certum
905 3284 1017 3318 quem-

176 3316 252 3352 dam
261 3329 393 3363 puerum
402 3317 545 3365 designat
554 3343 564 3355 ‚
579 3319 613 3353 in
625 3330 721 3366 quem
735 3317 838 3353 solum
856 3329 1018 3365 coinpetat

179 3364 248 3403 Dei
255 3366 364 3401 titulus
374 3380 382 3400 ε
392 3365 551 3413 posterior
566 3368 645 3403 vero
662 3366 716 3413 qui
727 3366 766 3400 ad
776 3365 907 3413 speciale
917 3367 1017 3401 bene-

183 3407 291 3451 ficium
307 3412 440 3449 refertur
462 3415 550 3462 quod
558 3427 639 3449 ¹tunc
655 3414 808 3453 instabat,
828 3426 951 3461 tempus
961 3415 1017 3450 de-

184 3455 256 3493 finit
264 3473 302 3498 ex
309 3474 422 3501 eorum
431 3463 564 3510 pueritia
575 3463 631 3511 qui
640 3473 715 3499 tunc
724 3463 836 3500 recens
852 3464 915 3501 nati
925 3488 935 3500 ,
966 3463 1016 3498 vel

1071 2838 1160 2873 dium
1178 2851 1190 2870 .·
1214 2838 1376 2872 nonaliud
1405 2838 1459 2872 fibi
1471 2841 1538 2872 vult
1556 2861 1566 2877 ,
1588 2837 1684 2887 quam
1709 2842 1819 2876 Deum
1838 2854 1913 2878 tunc
1936 2841 2001 2867 dar.

1070 2887 1104 2920 in
1137 2884 1258 2920 vmbris
1273 2889 1305 2920 &
1321 2885 1434 2933 figuris
1465 2887 1581 2921 dcdifl'e
1614 2886 1780 2932 praesentiae
1797 2890 1854 2926 suae
1872 2891 1908 2925 fi-
1935 2879 2053 2951 {fist-132

1069 2947 1132 2982 gna
1142 2934 1263 2981 populo
1270 2946 1366 2981 quem
1376 2934 1591 2979 adoptauerat.
1610 2934 1739 2983 vigebat
1749 2939 1835 2974 enim
1857 2941 1910 2973 illa

1068 2981 1249 3029 promissio,
1259 2984 1350 3016 Deus
1361 2981 1394 3014 in
1405 2982 1515 3017 medio
1525 2984 1582 3017 tui.
1592 2986 1770 3022 Item,Haec
1782 2990 1909 3034 requies

1068 3031 1210 3066 mea.Sed
1221 3042 1317 3075 quum
1325 3026 1548 3065 familiarisilla
1561 3033 1672 3078 populi
1683 3037 1840 3069 cumDeo
1852 3040 1908 3070 co-

1067 3080 1192 3114 iunRio
1202 3078 1218 3111 Ξι
1229 3077 1409 3113 Mediatore
1418 3080 1590 3124 penderet:
1612 3082 1697 3127 quod
1711 3083 1815 3129 reipsa
1827 3097 1907 3118 non-

1068 3128 1144 3162 dum
1160 3125 1253 3171 plene
1270 3124 1392 3160 extabat
1405 3125 1578 3173 ,symbolis
1595 3129 1816 3164 adumbratum
1836 3131 1905 3165 fuit.

1066 3175 1161 3210 Sedes
1170 3174 1237 3207 eius
1245 3186 1280 3208 ac
1289 3175 1492 3210 domicilium
1504 3177 1626 3211 locatur
1638 3178 1751 3212 inter-C
1758 3179 1902 3213 hcrubin:

1066 3222 1217 3270 quoniam
1228 3234 1297 3256 arca
1306 3245 1316 3260 ,
1327 3223 1439 3271 gloriae
1449 3224 1516 3258 eius
1529 3224 1629 3271 figura
1639 3248 1649 3264 ,
1677 3229 1706 3260 δέ
1719 3226 1842 3259 vifibile
1851 3228 1902 3272 pi-

1066 3283 1146 3317 gnus
1155 3280 1232 3305 erar.
1289 3271 1392 3304 Sedin
1403 3271 1537 3306 Christo
1546 3271 1644 3319 solida
1662 3297 1672 3312 ‚
1695 3286 1758 3304 non
1770 3275 1902 3318 amplius

1064 3317 1243 3353 vmbratilis
1268 3318 1334 3352 Dei
1351 3318 1512 3364 praesentia
1528 3324 1650 3367 populo
1676 3320 1812 3355 exhibita
1830 3321 1900 3357 fuit.

1064 3367 1271 3412 Qaratione
1286 3366 1484 3402 dicitPaulus
1501 3369 1539 3402 in·
1552 3382 1591 3403 eo
1610 3367 1750 3402 habitare
1767 3383 1899 3405 omnem
1925 3367 2066 3406 Caloff2.b;

1064 3415 1203 3450 Deitatis
1228 3415 1460 3460 plenitudinem
1492 3416 1709 3461 corporaliter.
1773 3419 1814 3452 Et
1832 3419 1902 3454 sane
1925 3416 1949 3438 ⁹·

1064 3475 1132 3499 non
1142 3463 1231 3498 aliter
1240 3463 1404 3511 legitimus
1416 3465 1489 3499 ess'et
1499 3463 1729 3500 Mediator,nifi
1741 3466 1903 3502 indiuidua

1666 3525 1682 3546 G
1731 3525 1764 3550 ll}
