2310 3841
440 157 491 194 94
926 135 1000 178 IN
1066 135 1298 178 ACTA
1360 134 1628 176 Atos-r.

443 210 516 248 loco
525 211 609 257 ponit
622 208 711 249 λόγονι
722 205 841 244 deinde,
850 206 926 250 ρἧωι.
959 204 1017 236 Sed
1027 215 1119 248 quum
1130 206 1240 237 Gra-cis
1250 204 1351 235 tritum
1363 202 1396 235 fit
1403 214 1437 234 ac
1453 201 1596 234 familiare
1608 224 1618 239 ,
1627 199 1783 234 subaudire
1801 200 2021 243 prepositiones
2034 214 2040 231 :
2054 201 2103 234 hic
2122 202 2182 235 sen.

450 260 493 292 fus
504 268 589 301 quem
600 255 712 287 reddidi
724 273 734 288 ‚
746 252 816 284 mihi
827 253 923 294 aptius
930 261 1093 293 congruere
1102 250 1176 282 visus
1187 249 1403 298 est quanquam
1412 246 1432 278 st
1442 249 1533 289 magis
1542 247 1641 288 dextre
1651 247 1778 288 mitigari
1788 257 1876 289 queat
1885 245 2026 278 sermonis
2036 246 2181 288 asperitas,

408 293 410 295 ,
450 304 578 336 libenter
586 297 796 331 affentiar.Hoc
807 299 896 338 igitur
908 297 1073 327 membrum
1085 295 1149 326 vice
1160 292 1336 336 praefationis
1346 292 1558 334 accipio‚qubd
1576 293 1611 324 ad
1621 292 1680 322 hoc
1699 290 1894 324 memorabile
1905 292 1961 322 Dei
1970 302 2046 333 opus
2064 292 2182 332 specht,

451 347 532 390 quod
543 345 718 376 ediditinter
727 341 804 374 filios
811 341 893 373 lsrael
904 361 913 376 ,
924 341 1097 372 annuntians
1107 349 1208 380 pacem
1219 349 1269 379 per
1279 336 1439 368 Christum.
1460 335 1567 368 deinde
1577 355 1587 369 2
1597 335 1749 368 subiicitur
1766 336 1906 368 narratio:
1916 336 2035 367 tandem
2055 337 2085 367 in
2104 336 2184 367 clau-

452 392 508 423 sula
517 390 658 421 orationis
674 385 725 419 sua:
735 387 862 419 ostendit
875 388 980 424 Petrus
991 407 998 419 ‚
1009 384 1038 415 in
1050 394 1137 425 quem
1147 382 1237 414 finem
1249 382 1400 413 'exhibitus
1417 381 1503 413 fuerit
1519 380 1652 413 Christus
1670 381 1792 413 mundo.
1824 379 1918 413 Potrb
1929 389 2007 414 ‚non
2019 381 2130 412 temere
2146 380 2183 411 ab

451 436 505 467 hac
515 432 800 467 commemoratione
809 430 921 462 orditur
932 449 941 464 ‚
953 428 1045 468 de
1057 431 1137 458 Deus
1147 425 1310 458 sermonem
1321 425 1429 457 miserit
1438 424 1506 456 filiis
1523 425 1618 457 lsrael.
1652 426 1755 456 Sermo
1774 436 1874 457 autem
1886 436 1939 467 pro
1960 426 2001 454 Re
2011 446 2021 460 ‚
2040 426 2184 457 Hebraica

451 479 544 523 phrasi
556 478 682 520 ponitur.
716 478 782 508 Erat
791 486 863 508 tunc
873 474 998 506 celebris
1007 471 1081 502 fama
1090 472 1188 503 aserai
1200 469 1325 502 foederis
1335 470 1416 512 quod
1426 472 1507 501 Deus
1517 481 1584 502 cum
1593 469 1706 511 populo
1717 469 1769 500 illo
1779 471 1939 512 pepigerat.
1972 458 2053 500 Inter
2072 469 2185 500 iudaeos

453 524 527 556 nihil
539 524 631 565 magis
642 521 732 564 vulgo
741 531 844 554 notum
854 529 914 552 erat
925 536 934 550 2
945 516 1033 559 quarn
1049 516 1280 559 Redemptorem
1290 516 1346 545 iam
1358 515 1429 546 olim
1439 513 1608 557 promissum
1620 512 1703 544 fuiffe
1719 515 1856 545 Patribus
1873 512 1923 554 qui
1942 523 1987 543 res
2005 512 2142 553 collapsas
2153 516 2184 545 iu

452 568 556 600 statum
565 567 720 599 florentem
731 577 763 596 ac
775 566 894 597 beatum
907 563 1078 593 restitueret.
1103 563 1170 593 Hoc
1180 561 1258 592 idem
1270 559 1397 591 sciebant
1406 561 1574 601 quicunque
1586 557 1765 589 familiariter
1777 557 1882 589 versati
1903 567 1984 588 erant
1997 566 2063 588 cum
2074 557 2185 589 ludaeis.

453 614 557 644 Petrus
575 622 647 653 ergo
657 631 666 645 ,
677 610 736 653 qub
748 609 800 642 fibi
812 609 874 652 plus
883 607 951 638 fidei
964 606 1115 641 conciliet,
1125 616 1184 636 non
1195 605 1231 637 de
1241 615 1270 636 re
1281 606 1383 645 ignota
1392 614 1441 636 aut
1452 615 1528 636 noua
1539 604 1564 635 se
1576 603 1664 634 verba
1677 600 1818 633 facturum
1827 600 1969 644 praefatur:
1982 600 2029 632 sed
2039 603 2074 633 de
2086 603 2187 633 Eccle-

453 658 496 688 fiae
507 657 687 688 restitutione
696 665 757 698 quae
765 656 802 686 ab
810 663 918 686 :eterno
928 651 985 682 Dei
993 649 1109 682 Foedere
1119 649 1313 692 pendebat,&
1324 659 1385 691 quae
1393 659 1470 680 nunc
1480 648 1598 691 praestita
1606 658 1667 678 non
1677 645 1798 678 obscure
1808 645 1905 679 suin&
1917 646 2064 678 celebrata
2074 645 2186 679 scilicet

456 703 591 733 omnium
602 700 745 732 sermone.

499 749 523 777 A
531 758 547 776 u
557 757 661 777 uvucr
669 758 684 776 A
692 757 709 775 u
720 755 731 773 s
747 743 880 785 pacem.)
905 743 1004 773 Docet
1014 735 1062 771 hic
1070 740 1189 774 Petrus,
1197 737 1290 780 qualis
1299 736 1388 770 fuerit
1408 737 1449 769 rei
1465 734 1585 778 &sparsi
1603 736 1728 768 rumoris
1737 733 1862 777 species:
1875 744 1997 774 nempe,
2010 745 2072 775 quae
2082 746 2186 776 pacem

457 791 656 822 constitueret.
668 800 779 822 pacem
791 785 838 818 hic
848 797 901 828 pto
912 785 1068 818 hominum
1080 787 1108 816 δε
1120 784 1178 815 Dei
1198 783 1443 814 reconciliatione
1457 782 1571 823 accipio
1581 803 1590 817 ,
1601 793 1661 823 quae
1671 791 1767 812 tamen
1789 779 1907 809 solidam
1921 781 1951 810 δε
1963 778 2121 820 perse-ciam
2132 782 2186 810 Ec-

460 834 550 867 clefiae
558 834 677 866 salutem
688 835 717 865 iu
731 833 758 864 se
769 832 913 870 continet.
936 830 1026 861 Sicuti
1038 829 1117 860 enim
1133 827 1277 859 dissidium
1287 830 1318 860 &
1336 827 1547 858 alienationem
1558 826 1574 857 a
1584 828 1673 857 nobis
1694 825 1821 866 sequitur
1839 823 1984 854 horrenda
1994 823 2141 861 confusio,
2152 827 2183 856 δε

461 879 538 922 quasi
548 889 655 911 tetrum
667 878 766 909 chaos:
777 877 828 910 ita,
840 873 1011 917 simulatque
1021 872 1140 915 affulget
1149 883 1286 913 paternus
1294 872 1352 904 Dei
1361 869 1444 902 fauor
1453 893 1463 907 ‚
1474 870 1629 903 Ecclesiam
1642 871 1716 902 suam
1728 869 1744 900 a
1755 868 1938 910 dissipatione
1956 867 2089 909 colligit,
2100 871 2129 899 &
2142 879 2186 899 re-

461 922 584 956 nascitur
597 934 663 955 vera
673 922 804 955 felicitas.
840 924 907 952 Hoc
917 930 989 962 ergo
1000 918 1140 961 fignificat
1148 919 1263 953 Petrus,
1271 915 1352 959 qubd
1363 919 1445 948 Deus
1456 917 1485 946 in
1496 916 1614 947 Christo
1623 915 1648 946 se
1657 915 1769 956 populo
1780 912 1829 944 suo
1840 911 2002 954 propitium
2014 912 2186 948 ostenderit,

463 971 496 1002 &
504 967 595 999 rursus
605 968 726 999 Abrahae
735 966 812 997 filios
820 964 972 1005 amplexus
983 961 1083 998 fuerit,
1094 973 1169 1004 quos
1178 962 1213 992 ad
1223 971 1339 1004 tempus
1346 958 1482 996 abiecisse
1497 959 1572 992 visus
1580 960 1692 995 fuerat,
1703 969 1734 990 vt
1745 957 1913 1000 prosperum
1926 959 1957 988 δέ
1968 957 2123 988 florentem
2135 958 2188 990 ila-

462 1023 526 1045 tum
537 1014 613 1055 apud
622 1023 674 1044 eos
683 1011 832 1043 stabilitet.
864 1009 955 1040 Sicuti
965 1017 1063 1039 autem
1075 1008 1152 1049 pacis
1161 1006 1246 1038 huius
1258 1007 1412 1038 authorem
1426 1004 1494 1036 sacit
1506 1008 1601 1036 Deum
1613 1027 1622 1041 ,
1632 1006 1672 1036 ita
1682 1003 1830 1034 Christum
1843 1003 1872 1032 in
1883 1001 1984 1032 medio
1995 1001 2091 1033 statuit
2102 1021 2112 1036 ,
2122 1012 2188 1033 tan-

461 1068 548 1099 quam
560 1058 621 1089 eius
630 1058 746 1100 pignus,
757 1065 789 1086 vt
799 1064 857 1086 rata
869 1053 901 1084 fit
911 1055 942 1084 &
954 1051 1054 1083 sancta.
1067 1064 1082 1081 r»
1101 1062 1115 1080 A
1131 1062 1148 1081 c
1164 1062 1180 1081 a
1194 1063 1213 1080 Μ
1226 1050 1400 1082 nominatim
1408 1049 1606 1091 praedicationi
1616 1049 1783 1090 coniungit,
1795 1047 1862 1088 quia
1873 1048 1931 1076 haec
1942 1056 1998 1076 vna
2008 1046 2126 1076 demum
2140 1057 2184 1076 ta-

436 1112 439 1114 ·
460 1104 505 1134 tio
515 1102 565 1137 est,
574 1112 630 1144 qua
640 1099 891 1133 reconciliationis
899 1097 914 1127 a
923 1096 1040 1128 Christo
1050 1106 1134 1137 partae
1143 1093 1252 1128 fructus
1262 1094 1297 1126 ad
1308 1105 1362 1126 nos
1371 1093 1460 1136 vsque
1469 1095 1612 1136 peruenit.
1623 1093 1737 1124 Eodem
1746 1091 1838 1124 modo
1850 1089 2121 1131 Paulus,puliquam
2133 1090 2188 1120 do-

307 1208 435 1242 §pinanti-17

307 1606 400 1636 Isi-ssa.
413 1614 436 1636 4·

460 1148 522 1179 cuit
531 1146 679 1178 Christum
689 1143 743 1176 effe
753 1153 855 1186 pacem
865 1141 990 1174 nostram
1000 1162 1010 1178 ,
1021 1150 1088 1172 mox
1098 1138 1216 1171 subiicit
1227 1161 1236 1175 ,
1245 1137 1342 1182 ipsum
1350 1134 1459 1175 venisse
1469 1161 1477 1174 ,
1487 1148 1517 1170 vt
1537 1149 1638 1180 pacem
1649 1136 1838 1174 annunciaret
1858 1135 1892 1164 iis
1901 1134 1949 1175 qui
1961 1134 2052 1176 prope
2063 1144 2142 1167 erant
2153 1137 2186 1167 δε

484 1193 510 1223 ui
541 1189 630 1222 rocul.

461 1202 538 1276 113⁷?
556 1238 685 1266 Nosrrs
700 1231 853 1271 verbum.)
877 1229 998 1262 Constat
1009 1229 1068 1260 haec
1076 1227 1158 1258 Petri
1169 1226 1276 1260 concio
1287 1226 1405 1257 duobus
1423 1225 1568 1268 praecipue
1587 1225 1740 1256 membris.
1759 1233 1825 1254 nam
1838 1222 1936 1263 priore
1955 1222 2023 1253 loco
2032 1222 2183 1254 historiam

458 1283 571 1313 recitat:
581 1278 739 1311 deiude2ad
750 1277 872 1309 historiae
882 1274 1006 1306 frustum
1018 1271 1180 1304 descendit.
1214 1274 1288 1302 Nam
1301 1282 1391 1313 quum
1402 1273 1543 1302 aduentus
1553 1270 1660 1301 Christi
1672 1271 1699 1300 in
1711 1268 1948 1303 mundum‚mors
1958 1269 1989 1298 δε
2000 1266 2184 1301 resurreetio,

457 1325 577 1356 materia
585 1322 640 1355 fint
650 1321 864 1354 salutis·n0strae,
875 1330 934 1352 uon
945 1319 1164 1363 aliter‘proponi
1185 1317 1213 1348 in
1229 1315 1346 1347 salutem
1356 1316 1487 1347 Christus
1497 1315 1611 1356 potest,
1621 1315 1706 1356 quarn
1729 1313 1747 1343 ii
1758 1314 1853 1353 primb
1872 1322 2023 1342 teneamus
2034 1311 2124 1353 ipsum
2137 1312 2185 1342 in-

458 1367 548 1400 duili'e
559 1378 674 1400 carnem
683 1367 820 1399 nostram,
834 1366 870 1396 ita
880 1362 1022 1396 versatum
1035 1364 1111 1392 inter
1120 1360 1268 1396 homines,
1280 1371 1311 1392 vr
1321 1359 1347 1391 se
1356 1360 1459 1391 Filium
1472 1360 1528 1390 Dei
1542 1361 1627 1390 certis
1639 1359 1814 1390 testimoniis
1824 1355 1878 1387 asse
1890 1356 2047 1397 probaret:
2060 1356 2182 1388 tandem

459 1415 538 1445 cruci
548 1413 674 1447 affixum,
685 1414 716 1444 δε
726 1411 783 1442 Dei
792 1411 898 1441 virtute
907 1408 1066 1439 excitatum
1078 1406 1093 1436 a
1105 1405 1236 1436 mortuis.
1270 1404 1390 1436 Rursum
1402 1426 1411 1440 ‚
1423 1416 1458 1436 ne
1469 1404 1574 1447 frigida
1591 1403 1741 1435 &inutilis
1752 1401 1784 1433 sit
1802 1402 1924 1432 historiar
1939 1401 2088 1443 cognitio,
2100 1400 2182 1431 simul

459 1458 619 1489 tradendus
628 1456 669 1489 est
678 1456 754 1491 finis,
765 1466 814 1486 cur
824 1464 858 1485 ex
868 1452 960 1495 gloria
967 1450 1067 1483 caelesti
1076 1451 1105 1481 in
1118 1449 1260 1482 mundum
1269 1449 1464 1485 descenderit,
1473 1460 1522 1480 cur
1533 1458 1658 1480 mortem
1670 1449 1763 1479 crucis
1771 1446 1923 1488 pertulerit
1940 1455 1998 1476 tam
2009 1444 2180 1485 probrosam

458 1503 537 1544 apud
547 1502 694 1535 homines,
705 1503 735 1533 δε
745 1499 801 1531 Dei
812 1509 863 1530 ore
874 1497 1068 1528 maledictam.
1100 1494 1253 1525 Tradenda
1261 1493 1301 1524 est
1309 1493 1527 1525 resurrestionis
1537 1492 1616 1524 causa
1626 1515 1634 1528 ,
1646 1492 1722 1523 vnde
1734 1492 1840 1522 horum
1849 1492 1982 1521 omnium
1993 1488 2113 1521 effictus
2123 1488 2141 1521 f:
2149 1502 2182 1521 u-

458 1545 577 1590 ehi-”que
585 1546 742 1589 colligitur:
753 1554 872 1585 nempe,
884 1541 964 1585 qubd
974 1540 1139 1572 exinanitus
1147 1537 1235 1570 fuerit
1243 1537 1387 1573 Christus,
1398 1549 1429 1569 vt
1440 1548 1505 1572 nos,
1514 1537 1562 1578 qui
1573 1538 1678 1577 perditi
1689 1546 1802 1566 eramus
1814 1556 1823 1569 ,
1835 1536 1862 1573 in
1875 1534 2090 1576 beatitudinem
2103 1535 2180 1565 inte-

458 1591 539 1634 grain
549 1591 722 1623 restitueret:
732 1589 813 1631 quod
824 1584 982 1618 simustum
993 1594 1078 1616 carne
1089 1583 1183 1614 nostra
1191 1581 1351 1620 fraternum
1364 1592 1432 1623 erga
1441 1592 1495 1612 nos
1505 1591 1634 1612 amorem
1646 1580 1774 1610 induerit
1787 1591 1793 1609 :
1806 1580 1887 1619 quod
1898 1580 2008 1609 nostras
2026 1579 2055 1609 in
2067 1577 2092 1608 se
2100 1577 2180 1609 infir-

457 1636 576 1668 mitates
585 1634 745 1675 suscipiens,
755 1641 853 1663 earum
865 1640 954 1661 onere
964 1639 1016 1660 nos
1033 1628 1139 1659 leuarit
1149 1638 1156 1657 :
1166 1626 1248 1668 quod
1257 1636 1373 1666 peccata
1381 1626 1474 1657 nostra
1493 1624 1594 1656 mortis
1603 1624 1654 1654 suae
1671 1623 1812 1654 sacrificio
1823 1623 1982 1663 expiauerit
1993 1645 2002 1657 ,
2021 1625 2178 1653 vtPatrem

455 1681 544 1710 nobis
553 1680 712 1720 propitium
721 1677 866 1708 redderet:
875 1672 956 1716 qubd
966 1672 1060 1704 vic‘tor
1069 1681 1103 1702 ex
1113 1681 1210 1702 morte
1219 1680 1386 1712 emergens,
1399 1671 1489 1702 vitam
1499 1679 1633 1701 aeternam
1645 1669 1732 1698 nobis
1740 1665 1912 1708 acquisierit:
1924 1665 2006 1707 qubd
2014 1666 2113 1697 caelum
2127 1667 2178 1697 suo

454 1722 580 1766 ingressu
590 1722 677 1754 nobis
685 1718 866 1763 patefecerit:
876 1716 958 1760 qubd
967 1726 1030 1748 t0ta
1040 1716 1082 1747 vis
1090 1715 1214 1756 Spiritus
1224 1716 1253 1745 in
1263 1725 1331 1745 eum
1342 1711 1427 1745 effusa
1436 1713 1537 1748 fuerit,
1545 1724 1576 1744 vt
1588 1723 1642 1743 nos
1650 1712 1695 1742 sua
1703 1712 1880 1742 abundantia
1889 1711 2004 1740 ditaret.
2030 1714 2114 1742 Hunc
2123 1711 2178 1741 do·

454 1769 540 1800 cendi
550 1767 686 1799 ordinem
697 1765 786 1796 seruat
795 1767 910 1795 Petrus,
921 1771 1010 1802 quum
1022 1759 1175 1790 exordium
1182 1757 1253 1789 facit
1260 1758 1297 1788 ab
1307 1757 1583 1798 historiaEuangelij
1594 1767 1600 1786 :
1610 1755 1708 1797 postea
1717 1755 1787 1785 verb
1798 1752 1976 1785 demonstrat
1985 1774 1994 1787 ,
2006 1755 2076 1795 quid
2087 1755 2177 1785 nobis

454 1812 564 1844 Christi
575 1813 603 1842 in
613 1818 718 1841 terram
731 1806 889 1841 descensus,
899 1803 970 1844 quid
981 1813 1060 1834 mors
1069 1805 1100 1833 &
1108 1801 1276 1832 resurreetio
1284 1800 1444 1832 attulerint.
1457 1800 1603 1841 Principio
1615 1809 1720 1834 narrat,
1733 1809 1751 1829 c
1759 1808 1870 1828 uiris-tv
1879 1807 1901 1833 M.
1912 1800 2096 1829 Nazarenum
2108 1810 2177 1840 pro-

452 1854 534 1886 diiffe
542 1854 606 1895 post
614 1852 735 1884 Ioannis
744 1849 971 1891 baptismaN-am
980 1849 1046 1888 quia
1056 1845 1112 1876 huc
1123 1844 1278 1878 destinatus
1289 1853 1348 1876 erat
1357 1844 1555 1879 Ioannes,Dei
1565 1842 1687 1875 consilio
1699 1865 1707 1879 ,
1717 1853 1748 1874 vr
1758 1841 1861 1883 populi
1878 1842 1992 1872 animos
2002 1843 2128 1885 erigeret
2139 1842 2176 1875 ad

453 1899 560 1930 Christi
570 1895 803 1939 expectationem
814 1915 823 1930 ,
833 1903 893 1924 non
903 1891 1009 1922 debuit
1019 1890 1077 1921 haec
1086 1899 1150 1931 pars
1158 1889 1395 1921 omitti-Eximius
1402 1890 1460 1921 Dei
1469 1889 1617 1931 Propheta
1627 1886 1852 1919 habitusfuerat:
1863 1896 1935 1928 ergo
1946 1886 1981 1916 ad
1990 1886 2078 1919 fidem
2090 1889 2178 1920 Chri-

453 1944 498 1975 sto
506 1940 680 1974 afferendam
686 1961 694 1976 ‚
704 1937 825 1971 maxime
832 1937 907 1979 apud
918 1935 1004 1966 rudes
1014 1938 1045 1968 δι
1061 1933 1232 1975 tyrunculos
1242 1944 1301 1964 non
1312 1944 1413 1975 parum
1431 1934 1550 1966 valebat
1564 1934 1628 1964 eius
1646 1931 1817 1964 authoritas.
1841 1929 1978 1962 Notanda
1998 1932 2036 1963 est
2046 1933 2173 1969 locutio,

456 1999 546 2023 qyon
556 1990 682 2019 Ioannes
689 1982 866 2026 Biptismum
877 1980 1086 2023 praedicauerit.
1119 1978 1337 2020 Complestitur
1355 1977 1477 2020 quidem
1496 1981 1585 2010 Lucas
1597 1976 1648 2008 sub
1667 1986 1821 2008 aaprrsmr
1844 1985 1919 2007 voce
1938 1985 2034 2008 toturn
2054 1980 2175 2008 1oannis

455 2032 656 2064 ministerium:
668 2028 715 2062 sed
724 2030 833 2060 interea
842 2026 995 2060 admonet,
1005 2035 1064 2055 non
1075 2021 1156 2055 fuiffe
1167 2033 1279 2055 mutum
1291 2021 1404 2066 signum
1414 2025 1446 2055 δε
1455 2018 1586 2054 doctrina
1595 2031 1729 2052 vacuum.
1749 2023 1786 2053 Et
1796 2018 1888 2055 certe,
1897 2020 1995 2051 hocin
2006 2022 2175 2053 Sacramen-
2196 2032 2200 2036 ⁴

454 2078 491 2108 tis
501 2075 640 2108 omnibus
649 2082 736 2116 caput
745 2071 795 2106 est,
811 2081 843 2103 vt
851 2072 907 2101 Dei
919 2069 1042 2102 verbum
1051 2068 1111 2100 illic
1119 2065 1296 2109 insculptum
1315 2065 1457 2110 refulgeat
1465 2086 1474 2102 ,
1486 2069 1518 2099 &
1526 2065 1601 2098 clara
1609 2075 1666 2097 vox
1677 2065 1812 2106 personet
1826 2064 1887 2106 qub
1904 2065 1996 2107 magis
2006 2066 2173 2098 detestanda

454 2122 495 2153 est
505 2122 593 2163 impia
601 2117 765 2162 profanatio
776 2126 838 2159 quae
847 2115 877 2146 in
888 2117 996 2157 Papatu
1005 2114 1145 2149 cernitur,
1159 2111 1241 2156 qubd
1250 2111 1359 2156 sepulta
1368 2111 1587 2154 praedicatione,
1597 2112 1782 2142 Sacramenta
1794 2110 1910 2150 magico
1920 2109 2033 2142 tantum
2044 2121 2174 2143 murmu-

453 2167 654 2198 reincantant.
894 2168 899 2171 ’
1273 2159 1279 2161 ”

482 2215 511 2251 38
543 2212 556 2240 1
568 2221 584 2241 s
597 2222 610 2241 s
622 2220 639 2240 v
649 2219 668 2239 Μ
680 2207 696 2239 ὲ
705 2205 876 2246 Nazareth.)
899 2202 958 2236 Hic
966 2206 1150 2235 Nazarenum
1160 2200 1308 2244 appellat,
1317 2211 1377 2235 non
1387 2199 1470 2244 qubd
1486 2199 1547 2232 illic
1557 2209 1641 2231 natus
1650 2196 1738 2234 fuerit
1749 2220 1758 2234 ,
1767 2194 1815 2230 sed
1823 2196 1891 2239 quia
1901 2194 1970 2228 inde
1979 2196 2124 2238 prodierit
2133 2199 2171 2232 ad

452 2264 557 2285 munus
565 2254 646 2284 suum
657 2249 871 2293 exequendum.
882 2249 989 2280 deinde
996 2248 1064 2290 quia
1075 2246 1237 2280 inualuerat
1247 2247 1338 2289 vulgo
1346 2246 1404 2278 hoc
1412 2255 1591 2288 cognomen.
1608 2256 1626 2275 v
1635 2256 1652 2274 u
1661 2255 1676 2274 c
1684 2254 1748 2275 rvu
1763 2241 1834 2273 dicit
1845 2241 1940 2282 spiritu
1953 2244 1985 2272 &
1996 2243 2170 2285 virtutefpet

451 2298 635 2339 hypallagen.
645 2307 710 2326 nam
721 2295 854 2335 potentia
863 2304 918 2335 qua
928 2293 1065 2324 excelluit
1072 2291 1217 2327 Christus,
1226 2301 1286 2322 non
1295 2291 1412 2322 aliunde
1420 2290 1504 2333 quam
1514 2289 1530 2321 ὲ
1539 2288 1646 2330 Spiritu
1658 2298 1728 2319 erat.
1760 2288 1839 2328 Ergo
1847 2288 1934 2317 Pater
1943 2285 2059 2317 caelestis
2067 2288 2172 2323 Elium

454 2341 536 2374 suum
556 2339 697 2383 vngcndo
706 2360 715 2374 ,
726 2339 848 2378 Spiritus
861 2337 901 2369 sui
912 2336 1046 2379 potentia
1055 2345 1121 2367 eum
1131 2335 1273 2368 instruxit.
1294 2335 1421 2367 Subiicit
1430 2333 1575 2365 continub
1583 2335 1700 2367 Petrus,
1712 2343 1782 2363 viar
1790 2344 1803 2361 v
1810 2343 1826 2361 τ
1834 2341 1876 2360 em
1886 2331 1961 2361 hanc
1970 2340 2050 2370 appar
2059 2330 2129 2364 uisse
2138 2334 2170 2367 in

431 2399 433 2402 ¹
456 2381 731 2419 miraculis:tamets1
740 2381 866 2424 speciem
876 2392 964 2414 vnam
973 2379 1078 2419 diserte
1084 2379 1227 2419 exprimit,
1238 2379 1320 2420 qubd
1327 2379 1446 2410 testatus
1456 2379 1543 2410 fuerit
1553 2376 1687 2408 Christus
1699 2400 1706 2412 ,
1715 2377 1839 2418 Spiritus
1848 2373 1933 2406 saneti
1945 2374 2054 2406 virtute
2065 2375 2091 2407 se
2100 2388 2170 2418 prae-

454 2430 561 2466 ditum,
570 2440 601 2463 vt
610 2427 760 2460 beneficus
769 2424 839 2457 esset
849 2424 971 2456 mundo.
979 2427 1076 2464 ti'eque
1084 2422 1164 2453 enim
1173 2423 1328 2454 terrificam
1337 2423 1395 2454 Dei
1402 2423 1541 2454 virtutem
1552 2421 1580 2451 in
1592 2418 1653 2461 ipso
1665 2422 1738 2451 exeri
1751 2420 1894 2461 oportuit:
1904 2417 1950 2449 secl
1959 2427 2020 2460 quae
2029 2418 2104 2451 suaui
2114 2422 2169 2453 bo-

452 2476 551 2507 nitatis
563 2477 593 2507 δι
603 2473 698 2516 gratiae
708 2470 790 2514 gustu
799 2468 942 2509 mundum
952 2467 1079 2502 alliceret
1086 2465 1122 2496 ad
1133 2475 1199 2496 eum
1209 2467 1366 2497 amandum
1375 2469 1406 2498 δε
1423 2464 1632 2506 expetendum·
1646 2477 1662 2495 v
1671 2477 1686 2495 Ν
1695 2476 1711 2494 c
1720 2477 1748 2495 tr
1756 2478 1772 2494 o
1781 2475 1827 2494 urs
1837 2464 2020 2504 metaphora,
2029 2475 2119 2506 quum
2130 2468 2168 2500 de

451 2521 574 2561 Spiritus
582 2517 668 2549 saneti
679 2515 766 2547 donis
775 2513 881 2559 agitur}
888 2511 953 2544 fatis
963 2512 1030 2542 trita
1039 2510 1088 2543 est:
1098 2519 1176 2540 nunc
1184 2510 1219 2540 ad
1228 2511 1335 2541 Christi
1344 2508 1494 2550 personam
1505 2509 1743 2539 accommodatur
1755 2521 1761 2539 :
1772 2509 1838 2550 quia
1849 2508 1905 2537 hoc
1917 2507 2010 2538 modo
2019 2509 2168 2543 consecra-

448 2564 522 2596 tusa
533 2567 616 2597 Patre
625 2565 684 2593 Rex
694 2554 945 2591 suit&Saceidos.
972 2556 1088 2586 Scimus
1102 2563 1218 2588 autem,
1231 2553 1329 2585 oleum
1347 2553 1466 2585 solenne
1483 2551 1564 2584 fuisse
1583 2551 1810 2586 consecrationis
1828 2551 1992 2593 symbolum
2011 2552 2061 2584 sub
2078 2558 2167 2597 Lege.

452 2621 511 2640 aaa
519 2620 537 2639 u
545 2617 630 2639 srrvs
638 2604 759 2639 Christi,
769 2614 821 2642 pro
831 2599 1005 2633 Vocationis
1013 2596 1093 2631 cursu
1102 2598 1255 2639 accipitur:
1267 2597 1342 2639 quasi
1354 2598 1464 2629 diceret
1475 2619 1484 2634 ,
1493 2597 1527 2628 ad
1537 2594 1679 2638 praefixum
1697 2597 1838 2638 temporis
1855 2595 1976 2636 spatium
1988 2607 2107 2628 munere
2117 2600 2167 2630 suo

450 2652 638 2695 perfunc‘ium
652 2648 718 2681 effe.
752 2645 922 2678 Similitudo
931 2644 946 2674 ὲ
956 2643 1118 2676 viatoribus
1127 2642 1236 2683 sumpta
1245 2643 1295 2678 est,
1306 2644 1355 2684 qui
1368 2644 1396 2674 in
1408 2643 1513 2674 itinere
1524 2642 1719 2683 suopergunt,
1729 2641 1824 2671 donec
1833 2640 1868 2670 ad
1879 2639 1978 2670 locum
1991 2640 2166 2674 destinatum

449 2697 628 2740 perueniant.
663 2695 841 2735 Qanquam
852 2689 935 2721 simul
944 2689 1084 2720 admonet
1090 2685 1214 2727 Iudaeam
1222 2687 1350 2719 triennio
1360 2684 1518 2729 peragrasse
1528 2708 1538 2723 ,
1548 2697 1579 2719 vt
1589 2686 1686 2717 nullus
1694 2684 1819 2727 angulus
1835 2693 1936 2725 expers
1945 2684 2164 2720 beneficiorum

449 2740 616 2775 eiusfuerit.
1193 2735 1197 2740 ’

494 2787 553 2824 Q
567 2797 578 2815 r
592 2779 822 2816 detinebantur&
833 2777 988 2817 diabolo.)
1012 2780 1080 2808 Hoc
1091 2773 1292 2819 etiamdiuinae
1302 2775 1331 2805 in
1344 2774 1460 2806 Christo
1469 2773 1608 2816 potentiae
1626 2773 1763 2805 illustrius
1771 2771 1916 2815 specimen
1929 2771 1985 2804 fuit
1994 2795 2002 2808 ,
2013 2772 2164 2814 qubd.non

452 2831 565 2862 tantum
575 2829 590 2860 a
601 2828 768 2870 vulgaribus
778 2824 890 2856 morbis
900 2823 1027 2856 sanabat,
1036 2821 1083 2852 sed
1093 2820 1252 2852 remedium
1263 2817 1400 2850 afferebat
1416 2820 1498 2850 malis
1509 2817 1671 2860 desperatis.
1708 2819 1780 2849 Sunt
1797 2817 1918 2859 quidem
1937 2827 2042 2848 omnes
2052 2818 2162 2851 morbi,

454 2874 582 2905 totidem
590 2872 687 2905 ferulae
697 2871 804 2914 quibus
813 2879 867 2900 uos
876 2871 958 2900 Deus
969 2866 1093 2908 castigat:
1102 2863 1149 2896 sed
1159 2873 1247 2906 quum
1256 2865 1337 2894 Deus
1347 2864 1445 2895 mitius
1455 2862 1605 2895 nobiscum
1617 2863 1675 2905 agit
1686 2871 1739 2902 pro
1748 2871 1866 2902 paterna
1876 2861 2058 2904 indulgentia
2070 2882 2079 2896 ‚
2091 2873 2163 2894 tunc

454 2918 560 2949 dicitur
572 2927 659 2949 manu
669 2915 714 2946 sua
723 2925 778 2946 nos
788 2913 883 2946 ferire:
891 2913 921 2943 in
930 2910 1116 2954 grauioribus
1124 2907 1362 2950 autem'flagellis,
1370 2909 1500 2943 Satanam
1513 2908 1558 2937 irae
1567 2906 1616 2937 suoe
1627 2906 1801 2941 ministrum,
1809 2908 1840 2937 δε
1852 2905 1930 2947 quasi
1939 2903 2103 2942 carnificem
2113 2908 2161 2937 ad-

454 2962 549 2993 hibet.
583 2965 680 3004 Atque
690 2960 748 2990 haec
757 2958 905 2990 distinctio
914 2954 1014 2987 sedulo
1024 2953 1150 2987 terrenda
1160 2953 1208 2985 est:
1217 2950 1370 2984 absurdum
1383 2953 1460 2983 enim
1471 2952 1541 2983 esset
1552 2952 1650 2982 dicere
1662 2972 1670 2985 ,
1683 2954 1708 2981 A
1718 2950 1840 2981 diabolo
1854 2948 2003 2992 torqueri}
2013 2951 2062 2990 qui
2075 2950 2160 2986 febri,

453 3017 503 3038 aut
512 3006 569 3035 alio
578 3006 711 3046 quolibet
721 3003 872 3035 communi
882 3000 979 3032 morbi
990 3010 1098 3042 genere
1108 2998 1230 3030 laborat:
1237 2995 1284 3031 sejd
1292 2997 1399 3027 mentis
1407 2996 1546 3027 alienatio
1556 3018 1565 3031 ,
1576 2993 1706 3027 rabiosus
1715 2993 1794 3025 furor
1805 3012 1814 3026 ‚
1823 2996 1854 3025 Sc
1864 2993 1964 3025 caetera'
1973 2992 2049 3034 quali
2062 2996 2159 3035 prodi-

452 3049 530 3094 giosa
544 3051 628 3085 mala,
636 3047 703 3090 apte
713 3050 743 3079 &
754 3046 870 3089 proprie
878 3047 984 3077 Satanae
994 3044 1175 3075 tribuuntur.
1207 3041 1370 3076 Secundum
1380 3051 1465 3081 quarn
1479 3041 1632 3074 rationem,
1643 3040 1788 3080 Scriptura
1795 3038 1999 3070 Daemoniacos
2010 3049 2107 3075 vocat,
2117 3052 2160 3071 ar.

452 3093 588 3136 reptitios
597 3092 744 3130 homines,
754 3092 803 3132 qui
813 3101 893 3123 tanta
904 3090 1079 3131 impotentia
1088 3085 1264 3125 feturatum&
1273 3085 1425 3117 videantur
1433 3085 1523 3126 prope
1534 3086 1562 3115 in
1573 3084 1684 3116 belluas
1693 3081 1836 3115 conuersi.
1862 3105 1882 3127 ,ἑ

539 3148 556 3168 v
565 3147 578 3167 1
592 3149 607 3167 Α
619 3142 699 3170 Deus
708 3146 768 3166 etat
778 3146 843 3166 cum
855 3133 928 3174 illo.)
953 3133 1085 3164 Breuiter
1095 3141 1177 3163 notat
1185 3126 1299 3175 Ρεῦιᾞῇ,
1308 3128 1441 3170 quorsum
1459 3128 1613 3170 spectarint
1624 3128 1747 3161 virtutes
1763 3138 1812 3169 per
1823 3131 1939 3156 manum
1948 3125 2054 3156 Christi
2066 3126 2157 3160 edirae:

451 3180 615 3224 nempeffld
624 3178 836 3211 conciliandam
848 3178 889 3209 illi
900 3178 989 3209 fidem
998 3178 1073 3218 apud
1084 3176 1219 3206 homines
1227 3195 1236 3211 ,
1245 3174 1397 3217 quiaDeum
1416 3173 1505 3205 veluti
1520 3172 1684 3213 praesenteni
1699 3171 1897 3203 intuebantur.
1907 3180 1995 3210 atque
2004 3171 2051 3202 hic
2062 3182 2157 3210 verus,

451 3220 657 3262 miraculorum
669 3222 732 3255 vsus
742 3222 808 3258 fuit,
817 3221 1064 3264 quemadmodum
1074 3221 1130 3251 iarn
1139 3218 1296 3262 aliquoties
1304 3217 1412 3249 dietum
1423 3216 1514 3250 est‚ac
1524 3218 1622 3258 postea
1630 3216 1685 3248 suis
1694 3216 1767 3247 locis
1777 3215 1880 3245 iterum
1893 3211 2070 3244 videbimus.
2081 3219 2156 3246 Nam

453 3273 482 3301 in
493 3272 550 3302 hoc
560 3266 706 3312 principio
715 3267 897 3308 acquiescere
907 3276 961 3297 nos
971 3274 1100 3306 oportet,
1111 3265 1245 3295 imminui
1257 3263 1315 3294 Dei
1325 3261 1514 3296 maiestatem,
1524 3260 1573 3290 nifi
1585 3272 1658 3302 quos
1668 3259 1784 3301 insignit
1794 3259 1940 3288 seruorum
1951 3257 2065 3289 suorum
2077 3271 2156 3296 nora,

454 3314 552 3355 suspici
570 3312 659 3346 '‘⁷'sac
667 3313 845 3360 rfflere‘mur.
876 3309 1005 3340 Proinde
1015 3308 1132 3350 quando
1149 3308 1272 3340 virtutes
1288 3303 1380 3348 palam
1389 3303 1521 3337 fecerunt
1531 3305 1546 3336 ὲ
1561 3307 1630 3335 caelo
1639 3301 1773 3347 prodiisse
1785 3302 1932 3334 Christum
1942 3324 1952 3338 ‚
1963 3313 2039 3334 extra
2047 3302 2153 3336 sortem

451 3358 551 3400 iudieij
562 3350 805 3401 humanissqssatur
814 3354 876 3387 eius
886 3353 1023 3396 dignitas.
1320 3368 1327 3372 ι

493 3415 531 3452 39
570 3408 612 3439 Et
621 3398 793 3454 nosssffires
800 3402 901 3436 tefies
910 3400 1056 3438 omnium
1074 3411 1143 3451 quae
1151 3394 1239 3450 fecit
1246 3397 1427 3451 inregi’me
1444 3393 1621 3433 ludaeorum
1630 3417 1641 3434 2
1653 3392 1690 3439 ὠ
1701 3389 1905 3443 lerosolymae:
1913 3405 2013 3445 quem
2013 3392 2151 3445 suspen-

436 3457 514 3508 [ἱππ
522 3460 559 3495 in
569 3451 670 3511 ligno,
684 3455 881 3495 occiderunt.

1956 3517 2006 3548 40
2050 3507 2084 3539 H
2086 3516 2149 3539 unc
