2310 3841
666 178 1032 222 SECVNDVM
1086 176 1465 225 IOHANNI—:M

231 241 385 279 verterint
395 241 427 276 in
437 239 523 277 τόπον
531 238 582 274 vel
592 242 780 278 econuerso:
793 241 896 277 sensus
907 249 991 278 tame
1001 257 1075 290 pro-

232 303 338 339 pterea
352 303 417 325 non
432 290 540 324 variat.
559 288 638 323 Ideo
650 288 789 324 liberum
803 292 1022 327 iitlcstoribus
1037 306 1072 328 v—

232 351 315 374 truni
327 340 427 385 magis
436 338 586 385 placuerit
601 337 730 384 eligere.

265 390 305 421 26
328 387 539 433 Insa-digitum
549 390 658 425 tuum.)
683 388 734 420 De
753 385 872 421 Christi
885 386 1022 434 ingressu
1038 392 1070 423 «Sc

229 435 381 470 salutandi
390 431 493 468 forma
512 445 572 480 qua
581 433 649 468 vsus
660 432 704 469 est
714 456 723 473 ‚
742 434 804 468 iam
818 435 912 468 semel
925 437 1070 471 diximus.

229 486 333 518 Porro
345 482 506 530 quodtam
523 481 612 516 facile
631 482 776 517 Christus
793 482 934 529 ''l‘homae
952 496 1068 519 conce-

229 532 275 565 dit
285 533 372 579 quod
383 530 531 577 impr-obe
548 530 681 577 petierat
701 553 712 569 ‚
738 527 883 577 adeoque
900 532 937 566 ad
957 545 1069 568 manus

228 579 294 613 snas
306 581 470 625 palpandas
481 600 490 616 ‚
509 584 538 613 ὅτ.
551 579 813 614 contrectandum
831 580 945 612 vulnus
963 581 1069 615 lateris

227 629 312 661 vlrro
323 627 532 661 euniinuitat:
554 627 628 661 hinc
642 627 827 675 colligimus
846 629 940 675 quam
959 628 1067 664 sedulo

228 675 339 710 nostrae
351 676 465 720 pariter
483 676 610 709 &illius
620 674 694 709 fidei
707 674 910 710 consuluerit.
949 679 1020 711 Nec
1031 690 1066 710 e-

226 725 294 757 nim
304 726 396 757 vuius
405 725 545 757 Thomae
554 746 563 762 ‚
573 721 624 756 sed
636 722 732 757 nostri
749 736 880 771 quoquc
890 724 996 758 habita
1007 722 1067 758 fuit

226 772 322 804 ratio:
334 771 454 818 nequid
465 771 502 805 ad
511 770 706 806 stabiliedam
719 771 818 806 fidem
829 772 968 806 nostram
979 771 1067 806 dees-

227 816 280 853 set.
308 819 410 853 Mirus
425 830 528 853 autem
537 830 571 852 ac
582 818 784 866 prodigiosus
794 821 933 861 Thomae
947 818 1065 864 stupor:

226 865 360 912 simplici
375 866 496 901 Christi
505 866 627 912 aspcffu
644 879 711 900 non
730 878 899 901 contentus
919 889 928 904 ,
956 880 1068 901 manus

225 915 482 964 quoqueh.ibere
494 915 620 949 volebat
638 913 880 948 resurrectionis
892 913 994 948 testes.
1022 916 1066 949 ita

225 975 292 996 non
302 964 444 1008 pertinax
457 962 559 995 solum
576 962 625 996 sed
636 961 868 1007 superbus‘ctffi
880 967 910 998 sc
921 964 952 996 in
965 963 1064 997 Chri-

224 1010 307 1045 stum
320 1009 571 1044 contumeliosus
581 1012 756 1045 erat.Nunc
767 1012 875 1045 saltem
888 1010 954 1044 viso
965 1011 1048 1045 Chri
1058 1033 1066 1038 ·

225 1057 273 1092 sto
283 1059 404 1105 pudore
415 1059 568 1093 contundi
582 1062 613 1093 δε
626 1058 827 1104 expauescere
838 1058 1002 1093 debuerat.
1022 1070 1067 1093 at-

225 1107 423 1153 quiperinde
440 1106 625 1140 aclinullius
642 1110 740 1154 culpae
751 1106 889 1142 css'etfibi
910 1106 1065 1144 conscius,

223 1156 370 1190 audacter
381 1159 410 1190 δι
421 1155 720 1200 intrepidemanum
732 1155 815 1190 suam
826 1157 1066 1203 ingeritssolli-

224 1216 266 1251 ge
283 1215 301 1236 e
320 1206 406 1237 enim
418 1214 602 1248 promptum
621 1203 664 1238 est
683 1217 719 1238 ex
734 1205 841 1238 verbis
856 1204 1065 1252 Euangelistae

225 1215 291 1286 noii
303 1251 387 1297 prius
397 1250 554 1296 relipuiffe
565 1252 658 1298 quam
668 1254 752 1286 :actu
765 1251 831 1298 ipso
843 1253 1011 1287 conuictus
1022 1253 1066 1287 es-

218 1298 280 1333 set.
310 1304 356 1332 lta
368 1298 486 1333 stilicet
496 1302 572 1334 dum
588 1302 693 1334 minus
712 1301 847 1335 honoris
860 1302 953 1348 quam
966 1313 1019 1347 par
1030 1300 1066 1335 fit

224 1348 394 1381 tribuimus
404 1349 504 1381 verbo
522 1349 678 1387 Domini,
690 1347 799 1382 sensim
817 1362 881 1383 non
893 1351 1067 1396 cogitanti-

224 1395 285 1429 bus
296 1395 424 1442 obrepit
441 1397 776 1443 dererinr'peruicacia
795 1410 862 1443 quae
883 1399 969 1432 illius
987 1411 1066 1432 con-

225 1455 382 1489 temptum
394 1442 498 1478 secum
510 1444 599 1479 affert
609 1468 618 1483 ,
631 1443 827 1490 omnemque
840 1447 906 1480 eius
917 1459 1066 1480 reueren-

225 1495 301 1526 tiam
313 1492 408 1526 nobis
427 1494 551 1526 excutit.
593 1498 672 1538 Quo
690 1495 790 1540 magis
802 1495 1009 1529 laborandum
1022 1495 1065 1529 est

225 1539 257 1573 in
269 1539 449 1573 cohibenda
461 1540 580 1586 ingenij
593 1541 688 1574 nostri
700 1541 822 1575 lasciuia
833 1565 843 1580 ‚
862 1555 901 1576 ne
911 1542 967 1576 fibi
979 1541 1059 1588 quis-

224 1600 286 1633 que
297 1586 459 1633 plusquam
471 1586 515 1621 fas
525 1589 568 1622 est
587 1590 619 1621 in
639 1591 848 1634 repugnando
861 1591 1064 1635 promittens,

223 1635 307 1682 quali
318 1636 430 1670 extinei
439 1649 459 1669 0
468 1637 594 1682 pietatis
604 1635 779 1675 sensuffim'ei
790 1637 916 1672 ianuam
929 1637 983 1671 libi
994 1639 1066 1686 prg-

224 1685 338 1717 cludat.

261 1739 299 1765 ιδ
320 1735 468 1766 Dominus
477 1745 569 1778 meus,
583 1735 620 1771 (ὂν
631 1736 715 1768 Deus
728 1738 833 1772 meus.)
843 1733 921 1767 Sero
934 1734 1064 1767 tandem

225 1778 448 1825 expergiscitur
460 1783 480 1813 'l
494 1780 606 1813 homas
617 1795 626 1812 .·
637 1784 666 1814 ὅ(
678 1781 952 1827 quemadmodum
961 1779 1064 1814 solent

225 1828 331 1874 quiex
341 1827 532 1861 alienatione
547 1829 663 1860 mentis
674 1829 711 1862 ad
722 1827 837 1872 seipsos
854 1829 1064 1873 redeunr,prae

224 1874 598 1909 admiratione'exclamat
608 1897 618 1912 ,
631 1876 795 1909 Dominus
806 1887 894 1909 meus
904 1898 912 1914 ‚
933 1879 962 1910 &
975 1878 1064 1910 Deus

225 1936 325 1957 meus.
345 1935 417 1956 nam
427 1922 558 1967 abrupta
574 1923 678 1955 oratio
689 1924 758 1968 plus
776 1922 871 1957 habet
888 1923 1065 1958 vehemen-

224 1971 285 2005 tiae.
296 1972 367 2005 Nec
377 1969 511 2004 dubium
523 1968 567 2003 est
577 1970 653 2016 quin
668 1970 788 2015 pudore
799 1970 978 2016 compulsus
992 1985 1064 2005 eru-

223 2019 306 2066 perit
317 2019 348 2051 in
358 2017 441 2052 hanc
450 2029 637 2065 vocem‚qua
649 2016 732 2050 suam
743 2016 921 2052 socordiam
935 2019 1064 2053 damna-

223 2066 400 2112 re:.Adhec
412 2077 475 2099 tam
486 2064 585 2099 subita
595 2065 779 2099 acclamatio
787 2064 960 2099 fidemnon
971 2079 1065 2111 pror-

223 2114 312 2149 susin
326 2127 365 2149 eo
384 2112 472 2148 fuiffe
490 2114 661 2148 extinctam
682 2112 876 2148 demonstrat
893 2137 902 2151 ‚
931 2115 1064 2160 quanuis

222 2161 371 2197 suffocata
381 2159 464 2196 effer.
473 2162 553 2196 Non
565 2158 651 2195 enim
669 2160 791 2196 Christi
805 2161 1019 2196 Diuinitatem
1031 2163 1063 2196 in

178 2215 183 2218 '
224 2212 292 2246 eius
306 2212 402 2246 latere
411 2211 461 2245 vel
472 2209 617 2243 manibus
627 2208 885 2244 attrectansedsex
897 2209 991 2256 lignis
1001 2211 1063 2245 illis

221 2260 327 2294 multo
337 2259 405 2304 plus
416 2258 542 2303 colligit
554 2257 649 2303 quam
661 2257 914 2294 ostendit-Vnde
927 2258 1062 2297 hoc‚nisi

221 2307 296 2354 quia
304 2317 434 2350 repente
444 2319 480 2339 ex
499 2304 669 2339 obliuione
680 2309 712 2340 &
728 2318 862 2341 veterno
880 2307 917 2341 ad
929 2305 1062 2353 seipsum

223 2355 320 2390 redit?
336 2355 426 2397 Ergo
436 2366 547 2387 verum
561 2352 621 2387 effe
631 2364 757 2399 apparet
769 2354 856 2399 quod
869 2354 930 2388 iam
941 2355 1060 2393 dixi‚fi—

222 2403 296 2437 dem
307 2414 375 2450 quae
383 2392 505 2435 {bolita
515 2401 680 2436 videbatur
695 2424 705 2439 ‚
726 2401 845 2435 latuisse
859 2404 945 2436 velut
962 2403 1062 2437 obru-

221 2461 285 2485 tam
298 2452 331 2484 in
345 2451 411 2484 eius
421 2448 626 2484 corde-Idem
636 2453 667 2484 δε
688 2449 797 2482 multis
809 2449 970 2484 interdum
983 2463 1062 2485 con-

221 2499 329 2545 tingit.
341 2511 413 2532 nam
425 2498 462 2532 ad
471 2508 595 2543 tempus
606 2495 689 2543 quali
709 2495 836 2532 abiecto
852 2498 918 2532 Dei
927 2498 1059 2542 timore,

220 2545 403 2583 lasciuiunt,
423 2556 455 2579 vt
466 2548 551 2579 nulla
561 2546 623 2579 iam
634 2556 780 2590 appareat
798 2545 830 2578 in
840 2544 903 2580 illis
912 2546 991 2581 fides
1002 2561 1011 2579 :
1022 2546 1060 2580 si-

219 2595 322 2629 mulac
333 2594 411 2629 vero
421 2594 524 2640 aliqua
535 2593 600 2629 Dei
611 2591 708 2627 ferula
720 2592 862 2640 castigati
872 2594 941 2629 sunt
950 2621 958 2635 ‚
971 2594 1061 2629 suba-

219 2643 269 2677 ἃα
280 2642 382 2676 carnis
394 2640 510 2676 ferocia
522 2641 654 2676 redeunt
664 2641 701 2674 ad
711 2640 814 2675 sanam
825 2644 1061 2678 mentem.Cer-

219 2686 252 2725 τὲ
261 2689 393 2724 morbus
402 2701 456 2734 per
468 2689 498 2724 se
508 2690 548 2725 ad
565 2690 744 2724 docendam
757 2688 907 2734 pietatem
920 2703 986 2724 non
999 2688 1091 2744 suf-5&

219 2728 339 2771 ficeret.
349 2737 440 2770 vnde'
447 2736 808 2784 colligimuasspurgatis
818 2737 1060 2782 impedimentis

218 2797 384 2831 emergere
403 2783 525 2818 bonum
549 2783 656 2819 semen
676 2783 764 2829 quod
791 2784 911 2820 iacebat
929 2787 1058 2832 oppres-

218 2833 300 2867 sum.
328 2832 429 2867 Cuius
439 2831 484 2865 rei
502 2831 625 2878 insigne
634 2832 736 2867 extitit
755 2834 934 2879 exemplum
944 2835 976 2868 in
988 2836 1058 2869 Da-

218 2881 302 2915 uide.
313 2893 385 2914 nam
403 2879 549 2914 libidinis
566 2879 623 2915 suae
641 2891 777 2925 compos
796 2881 942 2916 videmus
961 2883 1056 2930 quam

218 2928 324 2963 secure
337 2928 452 2962 exultet
477 2941 485 2961 τ
512 2940 610 2962 nemo
625 2940 692 2961 non
711 2927 839 2973 putasset
858 2930 991 2965 deletam
1016 2943 1056 2964 eo

219 2986 366 3022 tempore
378 2976 474 3010 fidem
485 2988 521 3009 ex
530 2976 596 3009 eius
604 2975 712 3010 animo
723 2974 821 3010 fuisse.
863 2979 972 3026 Atque
981 2979 1056 3013 bre-

219 3024 252 3057 ui
260 3024 427 3070 Prophetae
438 3024 662 3058 admonitione
679 3034 742 3057 tam
754 3023 858 3060 subito
869 3025 900 3060 in
910 3026 993 3061 viani
1005 3039 1055 3061 re-

221 3077 397 3111 uocatunvt
405 3072 557 3118 colligere
567 3081 752 3117 promptum
764 3070 799 3105 sit
810 3072 984 3120 igniculum
996 3075 1054 3108 ali-

223 3120 418 3163 quem3'licet
428 3119 584 3155 demersus
595 3118 667 3153 esset
678 3141 687 3158 ‚
699 3118 811 3159 stetisse
828 3132 932 3161 tamen
944 3121 977 3156 in
987 3123 1053 3156 eius

222 3164 344 3209 animo,
353 3170 406 3214 qui
418 3181 493 3203 mox
502 3168 534 3201 in
546 3168 704 3203 flammam
715 3179 905 3213 erumperet.
943 3173 1054 3215 Qan-

223 3223 291 3247 tum
300 3205 494 3259 adhornines
502 3213 764 3261 spectanperinde
773 3216 815 3250 rei
828 3215 896 3251 sunt
905 3217 962 3251 acfi
977 3222 1007 3252 Sc
1017 3216 1053 3250 fi-

224 3259 263 3294 de
279 3263 310 3295 &
327 3263 418 3296 omni
429 3264 563 3310 Spiritus
580 3263 674 3298 sanc‘ti
693 3263 792 3310 gratia
806 3262 836 3298 se
851 3264 1052 3300 abdicassent.

224 3307 275 3341 sed
286 3307 322 3342 fit
333 3308 483 3345 immensa
491 3313 557 3346 Dei
573 3311 716 3353 bonitate
728 3324 767 3346 ne
782 3314 830 3347 ele
866 3313 872 3320 ¹
885 3313 1051 3346 intantum

223 3355 424 3390 alienationis
448 3360 653 3406 praecipitium
679 3370 777 3393 ruant.
811 3357 906 3408 q'riare
931 3358 1050 3393 solicite

225 3403 401 3440 cauendum
419 3405 463 3438 est
488 3407 527 3441 ne
546 3409 562 3442 ὲ
587 3407 649 3442 fide
680 3404 868 3447 excidamus.
905 3410 1050 3442 Statuen-

165 3454 193 3486 5⁰¹
223 3452 300 3486 dum
309 3461 416 3485 tamen
427 3451 588 3489 est'Deum
605 3447 733 3489 occulte}
743 3452 840 3490 fraeno
850 3456 970 3490 electos
978 3454 1050 3488 suos

1885 210 1953 247 203

1125 245 1263 281 retinere
1273 258 1314 280 ne
1323 247 1490 281 exitialiter
1509 246 1638 284 cadant,
1649 248 1681 281 δέ
1700 247 1855 284 miraculo
1864 252 1952 290 fone.

1121 305 1154 326 re
1166 292 1327 340 semperin
1343 308 1454 330 corum
1469 295 1619 329 cordibus
1631 296 1862 345 qualescunque
1874 300 1948 335 fidei
1999 323 2001 325 ·

1120 340 1283 380 scintillas,
1295 346 1371 389 quas
1382 355 1471 377 nouo
1493 343 1626 389 Spiritus
1638 343 1681 377 sui
1702 345 1806 380 afflatu
1824 347 1879 381 suo
1889 360 1947 393 po-

1120 389 1184 423 stea
1199 401 1348 437 tempore
1358 394 1516 427 accendat.
1529 391 1691 427 Caetertim
1702 395 1767 427 duo
1778 394 1847 428 sunt
1856 395 1951 430 huius

1120 434 1304 473 cofessionis
1315 439 1471 474 membra.
1482 442 1607 475 Fatetur
1617 439 1765 475 Thomas
1783 443 1949 479 Christum

1119 484 1179 520 effe
1189 488 1368 521 Dominum
1381 487 1601 522 suumtdeinde
1611 490 1705 523 altius
1716 490 1948 526 conscendimc

1119 537 1228 569 Deum
1241 547 1372 582 quoque
1389 537 1547 570 nominat.
1568 538 1693 572 Scimus
1711 549 1777 583 quo
1795 538 1881 573 sensu
1893 541 1949 574 rri-

1118 580 1193 616 buat
1205 583 1337 618 Christo
1347 586 1504 630 Scriptura
1511 588 1637 619 Domini
1646 588 1854 633 nomen:quia
1865 588 1948 622 scili-

1119 642 1168 664 cet
1189 631 1379 666 constitutus
1398 631 1443 667 est
1459 633 1474 667 ἢ
1491 636 1583 667 Patre
1603 632 1742 668 summus
1761 636 1948 670 moderator

1117 680 1171 724 qui
1183 679 1320 726 imperio
1330 679 1384 714 suo
1394 681 1504 715 omnia
1515 682 1800 720 contineat‚coram
1811 696 1876 730 quo
1887 685 1947 718 fle-

1116 728 1218 760 &catur
1229 741 1326 764 omne
1336 731 1490 776 genu-qui
1501 731 1640 777 denique
1651 731 1686 764 sit
1698 731 1799 765 Patris
1810 734 1947 766 vicarius

1117 773 1149 806 in
1163 777 1284 810 mundo
1297 779 1518 824 gubernando.
1530 783 1577 812 lta
1588 779 1716 825 proprie
1727 781 1868 813 Domini
1881 793 1946 814 no-

1118 834 1192 855 men
1205 823 1236 856 in
1249 837 1320 858 eum
1335 827 1493 872 competit
1511 838 1665 873 quatenus
1683 828 1848 862 Mediator
1859 828 1902 862 est
1913 830 1946 864 in

1118 881 1211 902 carne
1223 873 1437 907 manifestantis
1449 879 1479 909 δέ
1493 885 1586 921 caput
1602 876 1761 909 Eccleiiae.
1780 877 1838 911 Sed
1849 877 1946 912 'l'ho-

1117 929 1183 951 mas
1195 930 1230 951 ex
1241 932 1306 965 quo
1319 922 1503 955 Dominum
1522 924 1673 969 agnouit,
1685 924 1789 958 statim
1800 926 1946 960 euehitur

1117 966 1154 998 ad
1165 967 1233 1000 eius
1244 968 1472 1003 Diuinitatem.
1482 974 1513 1004 &
1527 972 1656 1005 merito:
1670 984 1742 1005 nam
1754 972 1828 1006 ideo
1839 975 1946 1008 deice*-

1116 1013 1164 1046 dit
1175 1015 1213 1048 ad
1226 1027 1285 1049 nos
1299 1016 1489 1055 Christus,&
1503 1018 1643 1064 primum
1653 1021 1783 1066 quidem
1803 1023 1948 1056 exinani-‘-

1116 1071 1166 1095 tus
1178 1061 1353 1102 est‚deinde
1365 1067 1543 1101 collocatus
1552 1067 1589 1100 ad
1600 1068 1701 1101 Patris
1712 1073 1947 1109 dexterani,cae-

1116 1111 1139 1143 li
1151 1120 1303 1160 terraeque
1314 1115 1497 1148 dominium
1509 1114 1664 1153 obtinuit,
1680 1126 1712 1148 vt
1724 1119 1832 1155 nosad
1844 1119 1943 1153 Diui-

1116 1171 1190 1193 nam
1203 1160 1286 1195 suam
1297 1165 1328 1196 &
1339 1163 1439 1196 Patris
1450 1164 1586 1209 gloriam
1605 1165 1778 1199 attolleret.
1791 1170 1901 1212 Qare
1912 1178 1946 1201 vt

1115 1207 1194 1242 fides
1204 1209 1309 1243 nostra
1319 1212 1357 1245 ad
1367 1223 1514 1253 aeternam
1528 1210 1650 1245 Christi
1662 1213 1878 1249 Diuinitatem
1890 1227 1946 1261 per

1116 1257 1333 1295 ueniat‚initifi
1343 1258 1413 1293 fieri
1424 1271 1554 1305 oportet
1566 1260 1604 1294 ab
1615 1273 1649 1294 ea
1662 1262 1778 1296 notitia
1789 1275 1857 1310 quae
1869 1276 1946 1310 pro-

1115 1305 1187 1350 pior
1198 1305 1243 1339 est
1252 1310 1283 1340 δὲ
1295 1309 1398 1354 magis
1409 1307 1517 1343 facilis.
1529 1311 1576 1342 lta
1587 1310 1660 1343 vere
1671 1313 1687 1343 a
1697 1310 1885 1357 quibusdam
1896 1313 1946 1346 di-

1117 1354 1203 1387 Ctnm
1214 1354 1288 1393 estsst
1298 1355 1430 1390 Christo
1449 1357 1585 1390 homine
1595 1370 1653 1391 nos
1664 1359 1776 1393 deduci
1788 1361 1826 1394 ad
1845 1361 1945 1395 Chri-

1116 1400 1196 1435 ssum
1210 1404 1318 1437 Deum
1330 1405 1420 1451 :quia
1433 1404 1471 1439 fic
1482 1406 1639 1453 gradatim
1651 1407 1779 1451 prolicit
1793 1407 1871 1443 fides
1883 1422 1946 1444 no-

1115 1450 1173 1484 stra
1184 1462 1216 1484 vt
1227 1451 1390 1486 Christum
1404 1454 1435 1486 in
1447 1465 1528 1487 terra
1539 1454 1901 1500 apprehendens,natum
1912 1459 1946 1492 in

1115 1497 1432 1545 stabulo,liispenfihn
1444 1504 1475 1534 in
1486 1515 1578 1536 cruce
1588 1526 1597 1540 ‚
1609 1504 1645 1537 ad
1658 1505 1794 1549 gloriam
1806 1505 1938 1539 resurrc<

1115 1547 1234 1580 &ionis
1244 1547 1422 1583 transeatzac
1433 1550 1509 1583 inde
1530 1551 1658 1585 tandem
1670 1552 1707 1585 ad
1718 1564 1866 1587 :eternam
1878 1555 1945 1588 eius

1115 1594 1212 1628 vitam
1225 1600 1255 1629 &
1267 1597 1445 1642 potentiam
1457 1620 1466 1635 ,
1478 1598 1508 1630 in
1520 1612 1581 1645 qua
1598 1598 1733 1646 refulget
1747 1602 1865 1635 Diuina
1877 1604 1945 1636 eius

1116 1642 1396 1678 maiestas.lnte1·ea
1413 1644 1453 1678 {ic
1476 1646 1658 1681 habendum
1670 1649 1713 1681 est
1738 1661 1745 1681 z
1772 1662 1837 1683 non
1858 1651 1945 1695 polle

1115 1688 1278 1725 Christum
1290 1693 1349 1726 rite
1359 1693 1375 1726 Ξι
1388 1693 1484 1726 nobis
1496 1695 1680 1729 Dominum
1700 1695 1852 1742 cognosci
1865 1699 1945 1745 quin

1115 1751 1190 1771 mox
1202 1737 1344 1774 succedat
1356 1742 1546 1785 Diuinitatis
1556 1744 1622 1777 eius
1633 1744 1793 1791 cognitio,
1806 1747 1877 1780 Nec
1889 1759 1945 1781 ve-

1114 1786 1152 1818 ro
1166 1786 1299 1821 dubium
1311 1788 1355 1822 est
1365 1790 1442 1834 quin
1454 1789 1517 1824 haec
1530 1803 1713 1825 communis
1726 1793 1855 1838 piorum
1871 1807 1945 1829 om-

1115 1833 1203 1866 nium
1224 1835 1337 1868 debeat
1356 1835 1416 1869 ess'e
1438 1837 1592 1873 confeffio
1609 1861 1619 1877 ,
1651 1852 1745 1885 quam
1763 1842 1909 1877 videmus
1927 1844 1944 1877 τὶ

1116 1880 1247 1916 Christo
1264 1882 1406 1927 probari.
1424 1886 1601 1929 Nunquam
1622 1887 1707 1920 certe
1725 1887 1823 1932 paffus
1842 1888 1945 1925 fuisset

1115 1928 1276 1963 honorem
1302 1930 1387 1963 Patri
1412 1942 1554 1976 ereptum
1571 1930 1650 1966 falso
1670 1938 1700 1967 ἃ
1722 1945 1843 1968 temere
1861 1938 1892 1970 in
1912 1937 1944 1970 se

1115 1975 1289 2011 transferri.
1299 1979 1386 2023 atqui
1403 1977 1567 2013 manifeste
1577 1991 1677 2013 ratum
1698 1980 1794 2015 habet
1807 1985 1896 2028 quod
1907 1985 1940 2019 di

1115 2025 1202 2057 &um
1213 2023 1272 2058 fuit
1285 2025 1452 2060 &Thema
1472 2030 1580 2071 Qiare
1591 2040 1669 2061 vnus
1681 2027 1732 2061 hic
1743 2030 1834 2063 locus
1844 2032 1882 2066 ad
1891 2044 1944 2066 re-

1113 2069 1285 2107 fellendam
1296 2073 1362 2116 Arij
1376 2073 1526 2107 insaniam
1537 2074 1661 2109 abunde
1672 2073 1796 2110 sufficit.
1825 2079 1944 2126 Neque

1114 2119 1199 2153 enim
1213 2122 1293 2154 duos
1303 2121 1471 2167 imaginari
1483 2122 1559 2156 deos
1569 2121 1612 2157 fas
1621 2123 1675 2158 cst.
1696 2124 1789 2159 Adde
1801 2127 1889 2172 quod
1901 2128 1942 2161 si-

1115 2168 1180 2200 mul
1201 2166 1252 2201 hic
1271 2169 1458 2214 exprimitur
1476 2168 1614 2215 personae
1634 2172 1737 2205 vnitas
1758 2172 1790 2205 in
1809 2175 1942 2211 Christo

1114 2227 1212 2260 quum
1227 2216 1312 2250 idem
1324 2222 1355 2252 δε
1367 2219 1458 2252 Deus
1476 2222 1507 2252 δι
1529 2219 1694 2254 Dominus
1708 2232 1848 2256 vocatur.
1859 2223 1941 2257 Em-

1112 2263 1240 2309 phatice
1256 2265 1352 2299 etiam
1367 2270 1455 2308 suum
1468 2265 1519 2299 bis
1536 2269 1691 2312 appellat,
1706 2278 1741 2302 vt
1756 2269 1894 2305 declaret
1904 2284 1941 2305 ex

1113 2312 1188 2346 viuo
1200 2316 1231 2346 &
1240 2311 1320 2346 serio
1332 2313 1406 2348 fidei
1418 2312 1502 2348 sensu
1514 2313 1544 2348 se
1554 2316 1658 2362 loqui.

1158 2371 1197 2402 29
1218 2363 1309 2406 Quia
1320 2361 1430 2394 vidisti
1442 2375 1488 2396 me
1499 2361 1648 2401 Thoma.)
1659 2365 1755 2399 Nihil
1765 2366 1797 2400 in
1807 2366 1940 2402 Thorna

1111 2407 1317 2452 reprehendit
1337 2408 1484 2444 Christus
1504 2410 1560 2445 nisi
1577 2411 1667 2459 quod
1678 2414 1757 2448 adeo
1768 2413 1863 2448 fuerit
1875 2426 1940 2449 tar-

1112 2453 1169 2488 dus
1177 2455 1215 2488 ad
1234 2457 1427 2492 credendum
1437 2480 1447 2496 ,
1459 2468 1492 2492 vt
1510 2459 1670 2494 violenter
1682 2461 1762 2495 trahi
1782 2462 1820 2495 ad
1838 2461 1937 2496 fidem

1110 2502 1232 2537 neceffe
1243 2501 1338 2538 fuerit
1349 2504 1491 2540 sensuum
1503 2508 1829 2555 experimentis.qu0d
1843 2521 1937 2554 pror—

1111 2549 1160 2584 sus
1169 2550 1321 2586 abhorret
1335 2553 1352 2586 5.
1363 2553 1441 2588 fidei
1452 2565 1573 2588 natura.
1609 2556 1713 2602 Siquis
1724 2556 1869 2595 obiiciat,
1883 2558 1935 2590 ni·-

1111 2599 1155 2632 hil
1168 2600 1273 2633 minus
1283 2612 1462 2647 congruere
1473 2600 1567 2648 quaim
1579 2614 1612 2637 vt
1624 2603 1703 2637 fides
1713 2604 1832 2638 dicatur·
1849 2617 1933 2639 con-

1111 2658 1199 2692 cepta
1210 2659 1245 2680 ex
1256 2648 1338 2680 τειᾶι]
1353 2652 1383 2682 δι’
1401 2646 1524 2693 aspectu
1543 2650 1714 2695 persuasio:
1726 2651 1840 2686 solutio
1860 2651 1933 2686 faci-

1109 2695 1148 2727 lis
1161 2694 1205 2727 est
1215 2707 1250 2728 ex
1259 2693 1310 2728 his
1322 2707 1390 2741 quae
1401 2695 1462 2730 iam
1475 2697 1561 2742 prius
1571 2699 1646 2733 dixi.
1673 2711 1776 2744 neque
1787 2699 1872 2734 enim
1882 2699 1935 2734 so-

1109 2742 1141 2774 lo
1151 2743 1233 2775 taeiu
1245 2742 1294 2775 vel
1306 2743 1428 2788 aspee'cu
1444 2743 1627 2789 fimpliciter
1637 2747 1790 2781 adductus
1800 2746 1843 2781 est
1852 2748 1934 2789 Tho

1110 2803 1176 2823 mas
1185 2799 1217 2823 vt
1228 2789 1391 2824 Christum
1405 2790 1464 2825 ess'e
1482 2794 1592 2826 Deum
1606 2793 1694 2827 suum
1709 2794 1851 2834 crederet
1862 2793 1935 2831 :sed

1108 2834 1342 2882 expergefa6ms
1351 2838 1382 2871 in
1395 2840 1585 2873 memoriam
1598 2842 1760 2875 reuocauit
1771 2854 1839 2889 quae
1848 2844 1936 2890 prius

1107 2883 1170 2918 fere
1187 2883 1347 2918 effluxerat
1364 2885 1556 2920 dominam.
1583 2890 1702 2936 Neque
1721 2888 1807 2925 enim
1819 2904 1855 2926 ex
1873 2905 1935 2926 nu-

1105 2933 1152 2965 dis
1176 2944 1284 2966 rerum
1317 2933 1542 2977 experimentis
1565 2948 1694 2971 manare
1715 2938 1794 2973 fides
1816 2940 1933 2985 potest,-

1104 2978 1154 3013 sed
1164 2977 1283 3013 necesse
1293 2980 1337 3014 est
1345 2991 1379 3014 vt
1397 2981 1556 3029 originem
1568 2983 1682 3018 habeat
1701 2986 1716 3019 Ξι
1736 2986 1836 3021 verbo
1854 2990 1932 3022 Dei.

1101 3026 1265 3061 Thomam
1277 3039 1355 3074 ergo
1366 3028 1440 3062 ideo
1451 3029 1600 3078 obiurgat
1611 3032 1852 3081 Christus'quod
1863 3048 1934 3071 ver-

1104 3075 1146 3108 bo
1156 3073 1210 3108 suo
1221 3075 1325 3109 minus
1335 3075 1480 3111 habuerit
1491 3077 1626 3114 honoris
1636 3082 1730 3127 quam
1742 3083 1888 3120 debebat,
1898 3087 1931 3117 δέ

1101 3122 1198 3156 fidem
1209 3144 1219 3160 ,
1230 3134 1298 3168 quae
1311 3123 1444 3158 nascitur
1455 3138 1491 3160 ex
1501 3126 1607 3161 auditu
1617 3151 1627 3167 ‚
1638 3133 1667 3163 δι
1681 3129 1807 3176 prorsus
1818 3132 1849 3164 in
1860 3142 1932 3164 ver-

1101 3169 1176 3203 bum
1186 3169 1307 3204 intenta
1318 3171 1377 3206 effe
1387 3172 1482 3207 debet
1491 3196 1501 3212 ,
1517 3175 1554 3209 ad
1565 3176 1644 3211 alios
1654 3177 1932 3223 sensus¹allegaue-

1101 3219 1180 3250 rit.B
1182 3220 1242 3251 eati
1253 3222 1371 3264 quinon
1379 3221 1526 3257 viderunt
1537 3226 1574 3262 (ῤ’
1584 3224 1783 3259 crediderumt
1814 3223 1884 3259 :Hic
1893 3225 1933 3260 fi-

1100 3265 1171 3298 dem
1192 3277 1231 3299 eo
1249 3267 1384 3302 nomine
1399 3272 1604 3305 commendat
1630 3272 1774 3306 Christus
1791 3272 1930 3321 qubssin

1100 3311 1232 3357 simplici
1242 3314 1342 3348 verbo
1353 3317 1550 3364 acquiescens
1568 3320 1584 3354 a
1595 3318 1676 3352 sensu
1688 3323 1717 3353 &
1729 3319 1852 3354 ratione
1860 3333 1929 3356 car-
1957 3322 1962 3332 ¹

1099 3363 1148 3393 nis
1158 3360 1291 3396 minime
1300 3365 1522 3408 pender.Breui
1532 3379 1608 3412 ergo
1619 3366 1808 3401 definitione
1819 3368 1883 3403 vim
1894 3373 1929 3405 δι

1098 3418 1238 3442 naturam
1250 3409 1323 3444 fidei
1333 3414 1567 3457 complectitur,
1579 3425 1692 3458 nempe
1702 3415 1789 3461 quod
1802 3418 1845 3451 n6
1855 3415 1929 3451 sub-

1098 3454 1173 3490 sistit
1185 3456 1216 3490 in
1226 3457 1366 3504 praesenti
1377 3460 1561 3507 aspeRuJed
1570 3472 1711 3507 penetrat
1721 3462 1816 3511 vsque
1824 3465 1862 3499 ad
1873 3466 1931 3512 (ετξ

1894 3584 1918 3609 ³»

1859 3631 1880 3654 ἢ
