2310 3841
241 1364 365 1390 roan-183.

242 1397 286 1426 f54
297 1402 330 1427 ³5·

884 65 1261 152 JvascTA
1320 99 1618 150 APQST.

407 132 507 216 {sines
515 177 690 214 assuefacere
702 183 757 208 nos
767 173 862 208 voluit
873 182 884 207 ἓ
923 214 925 217 ¹
940 164 964 204 'c
975 171 1054 204 certe
1062 183 1124 203 non
1133 168 1262 212 vulgaris
1269 169 1309 201 est
1320 180 1445 202 externae
1454 168 1671 212 praedicationis
1679 167 1904 204 commendatio
1914 191 1924 208 .
1936 168 2017 214 quod
2028 170 2152 217 Angeiig

410 228 589 261 tacentibus,
601 226 628 254 in
639 233 690 254 ore
700 176 984 269 hominumpxffki
994 217 1024 247 iu
1033 215 1154 249 salutem
1164 215 1290 246 nostram
1302 214 1446 258 personat.
1472 217 1541 257 Qa
1550 216 1588 248 de
1607 226 1639 248 re
1659 215 1742 258 plura
1759 216 1790 249 in
1803 226 1890 259 caput
1905 227 2020 249 nonum
2029 222 2060 252 ει
2071 221 2152 253 decj.

415 283 497 305 mum
506 270 566 302 sum
575 268 717 302 dicturus.
751 308 754 311 Ι
835 271 869 317 ...2

406 382 409 385 ,
456 373 496 408 32
541 343 980 407 porrbftmmstscripturae
990 364 1096 403 quam
1104 347 1247 405 legebat,
1258 361 1331 389 erat
1341 349 1417 390 haec:
1439 355 1624 402 Tanquam
1636 351 1705 390 out&
1715 350 1766 390 ad
1772 351 1954 390 vic‘lin’tam
1962 349 2081 393 dudm
2092 354 2150 406 est,

412 415 450 462 ὠ
462 407 627 469 tanquam
636 428 702 468 agn
765 409 855 447 eram
864 406 1030 445 tondente
1040 416 1214 450 mutus2na
1224 422 1294 446 non
1305 411 1438 462 aperuit
1447 421 1484 446 os
1484 405 1596 458 sicum.

461 485 492 522 33
537 479 575 509 [n
587 469 669 509 hum
718 477 771 503 ate
791 465 821 501 ci
830 478 860 499 a
877 461 1038 502 iudiciuin
1053 466 1124 502 eius
1137 463 1309 515 sublatum
1321 463 1375 517 est.
1406 466 1671 503 Generationem
1689 465 1761 502 eius
1778 463 1852 516 quis
1863 463 2060 504 enarrabit?
2069 469 2150 520 quia

553 527 563 539 Χ
700 524 749 559 ita
761 521 841 557 eim.

412 531 543 636 ‘03:1⁴7
552 542 568 566 e
578 537 754 616 termzlsms
764 586 878 614 autem
886 570 1069 615 Eunuchus
1077 575 1208 633 Philipp
1213 592 1244 627 o,
1257 576 1363 615 dixit:
1374 583 1464 631 Rogo
1473 587 1520 622 te,
1531 575 1574 613 de
1584 590 1649 630 quo
1659 574 1722 616 hoc
1731 575 1817 613 dicit
1829 575 2012 631 Propheta?
2021 575 2106 631 dese
2114 579 2150 616 i-

405 639 539 697 psam
563 634 842 697 “boeotiam-²
877 690 909 696 ..
1753 691 1758 697 .
1826 689 1868 696 ..

452 701 513 753 ΞΣ.»
517 699 684 746 Aperiens
693 700 808 727 autem
818 686 989 744 Phtltppus
1001 688 1152 744 assiriam,
1165 687 1204 736 ὀ·
1215 687 1347 744 exorsus
1360 687 1380 727 ἃ
1395 694 1564 743 Scrtptura
1576 687 1846 744 hac‚praedtcaut.‘
1856 688 1904 726 tllt
1913 687 2029 743 Iefitm.

381 783 461 855 fiz
495 791 512 820 S
526 801 541 820 5
557 802 575 820 N
589 801 605 821 τ
622 800 638 821 5
654 801 672 820 Ν
688 800 725 820 rr
739 802 757 820 A
785 802 797 820 s
814 803 831 822 c
849 802 867 821 tt
878 801 889 820 1
902 801 916 820 ιι
930 801 947 821 τ
959 803 977 822 v
991 802 1010 821 it
1023 791 1081 831 ie.)
1115 790 1240 832 Proprie
1257 811 1267 826 ‚
1285 791 1458 824 Continent
1474 789 1523 823 vel
1541 790 1738 834 complexum.
1772 789 1993 826 Sciamus‚non
2015 788 2148 823 incidisse

401 835 464 867 casu
475 835 507 864 iu
517 835 595 866 huuc
606 835 718 870 locum,
730 835 776 867 sed
787 836 858 867 mira
870 836 1058 876 prouidentia
1068 837 1125 867 Dei
1137 836 1167 867 id
1176 834 1286 868 factum
1299 836 1367 872 esse,
1378 848 1408 869 vt
1418 835 1512 868 thesin
1522 837 1569 868 vel
1579 838 1758 878 principium
1778 835 1900 866 haberet
1912 835 2067 876 Philippus
2079 857 2087 870 ‚
2096 847 2151 866 vn-

402 879 512 910 detera
521 879 851 913 Christianismisumma
861 879 928 921 apte
936 880 1042 912 deduci
1054 879 1158 922 posset.
1202 883 1281 923 Ergo
1290 903 1299 918 ‚
1311 883 1439 923 primum
1454 881 1570 913 occulta
1583 882 1708 924 Spiritus
1722 879 1890 912 direc'tione
1900 901 1909 915 ‚
1921 880 2013 921 plenae
2035 880 2149 912 institu-

399 924 492 955 tionis
501 925 621 956 materia
632 924 716 955 datur
725 925 768 955 illi
779 926 809 956 in
820 935 938 956 manum
949 936 959 955 .·
969 924 1076 956 deinde
1086 947 1096 961 ‚
1107 925 1202 967 palam
1214 926 1343 958 hominis
1357 926 1520 958 ministerio
1531 925 1626 958 forma
1637 935 1761 968 aptatur.
1793 923 1840 955 Est
1849 934 1946 957 autem
1957 924 2064 956 illustre
2075 926 2148 961 hoc.

402 970 435 1001 &
444 979 498 1010 prae
506 969 570 1000 aliis
578 969 773 1001 memorabile
782 970 957 1002 vaticinium
967 970 1004 1001 de
1014 970 1132 1001 Christo
1144 971 1229 1012 :quia
1240 970 1299 1003 sine
1309 971 1473 1002 inuolucris
1489 971 1550 1002 illic
1561 973 1735 1013 pronuntiat
1745 969 1828 1002 Isaias
1837 991 1848 1005 ‚
1866 970 1954 1000 talem
1970 970 2148 1001 redimendae

400 1012 530 1045 Ecclesiae
539 1013 601 1045 fore
615 1014 736 1046 modum
747 1035 756 1048 ,
769 1025 799 1046 vt
809 1015 894 1045 Filius
906 1015 963 1045 Dei
974 1024 1071 1046 morte
1080 1013 1126 1045 sua
1135 1017 1223 1047 vitam
1234 1016 1409 1047 hominibus
1417 1018 1557 1057 acquirat:
1569 1026 1600 1048 vt
1610 1016 1638 1047 se
1648 1015 1797 1048 viffimam
1810 1015 1968 1045 constituat
1992 1014 2146 1055 expiandis

401 1058 560 1090 hominurn
570 1060 700 1101 peccatis
710 1070 716 1089 :
727 1070 756 1090 vt
767 1069 906 1091 atteratur
917 1059 974 1091 Dei
985 1069 1072 1090 manu
1083 1081 1092 1095 ‚
1102 1062 1132 1090 &
1144 1059 1234 1101 vsque
1244 1060 1280 1091 ad
1291 1059 1402 1091 inferos
1412 1061 1488 1102 ipsos
1498 1060 1673 1094 descendat,
1685 1066 1745 1102 quo
1755 1071 1811 1091 nos
1822 1060 1858 1090 ab
1876 1059 1998 1089 interitu
2018 1060 2148 1090 emersos

403 1103 497 1146 erigat
508 1102 596 1146 vsque
607 1105 636 1134 in
649 1104 759 1135 caelum.
771 1104 799 1135 in
811 1104 940 1139 summa,
951 1103 1102 1145 perspicue
1111 1104 1213 1135 tractat
1225 1104 1272 1135 hic
1282 1104 1366 1136 locus
1376 1105 1532 1147 quomodo
1541 1105 1774 1136 reconcilientur
1785 1105 1924 1135 homines
1931 1105 2146 1145 Deo‚quomo-

401 1148 442 1179 do
454 1148 589 1180 iustitiam
600 1149 758 1180 obtineant
768 1168 777 1182 ,
788 1148 944 1191 quomodo
955 1149 1072 1180 liberati
1085 1148 1100 1179 a
1110 1150 1219 1180 Satanae
1228 1149 1383 1190 tyrannide
1393 1169 1402 1184 ‚
1413 1153 1443 1181 δε
1460 1150 1574 1190 peccati
1585 1151 1656 1191 iugo
1665 1149 1773 1183 soluti,
1791 1150 1819 1179 in
1831 1156 1955 1191 regnum
1970 1149 2025 1179 Dei
2041 1160 2145 1190 perue-

400 1193 484 1224 niant
495 1206 501 1224 :
513 1194 665 1227 breuiter,
675 1193 754 1225 vnde
769 1193 902 1235 petendae
913 1193 966 1224 sint
975 1193 1186 1225 omntssaluus
1196 1204 1302 1235 partes.
1324 1196 1387 1236 Ego
1398 1204 1497 1226 tamen
1511 1215 1519 1229 ‚
1532 1205 1593 1236 quae
1608 1192 1657 1226 hic
1677 1195 1804 1225 citantur
1814 1193 1830 1223 a
1850 1197 1926 1224 Luca
1936 1214 1946 1229 ‚
1963 1193 2078 1224 tantum
2097 1204 2144 1224 ex-

399 1248 509 1279 ponam
520 1250 526 1269 z
536 1249 568 1270 ac
578 1238 638 1268 duo
649 1238 770 1279 quidem
781 1239 914 1271 membra
925 1237 987 1270 sunt
999 1250 1005 1269 :
1016 1240 1115 1280 priore
1125 1238 1215 1270 docet
1225 1260 1234 1274 ‚
1245 1239 1407 1274 Christum,
1419 1250 1448 1269 vt
1459 1238 1616 1270 Ecclesiam
1630 1240 1754 1270 redimat
1767 1241 1798 1270 δε
1810 1238 1938 1270 restituat
1950 1238 1978 1268 in
1992 1237 2093 1271 vitam,
2107 1237 2144 1269 sic

400 1283 617 1314 conterendum
627 1281 704 1319 esse,
715 1293 748 1314 vt
758 1283 858 1315 similis
869 1293 1006 1324 appareat
1024 1284 1139 1324 perdito
1157 1286 1188 1315 δε
1202 1283 1370 1325 desperate.
1404 1284 1523 1314 Deinde
1534 1305 1543 1319 ,
1561 1294 1690 1316 mortem
1711 1285 1772 1314 eius
1787 1280 1958 1324 pronuntiat
1975 1280 2039 1314 fore
2049 1282 2146 1313 viuifi-

399 1338 480 1361 cam,
491 1326 682 1359 &exsumma
693 1327 896 1369 desperatione
906 1329 1051 1359 exiturum
1063 1327 1235 1370 singularem
1249 1328 1444 1370 triumphum.
1486 1329 1580 1369 de
1599 1339 1616 1358 Α
1633 1338 1652 1357 G
1669 1341 1685 1359 n
1702 1341 1720 1358 ο
1745 1327 1893 1359 Christum
1913 1338 2080 1368 comparat,
2092 1330 2143 1369 qui

399 1371 436 1404 ad
446 1372 653 1404 mactationem
663 1373 730 1404 duci
741 1371 768 1404 se
779 1374 888 1413 patirur
899 1385 906 1404 2
917 1375 949 1405 &
962 1385 979 1402 o
991 1384 1006 1405 v
1019 1384 1029 1402 1
1042 1395 1050 1408 ,
1062 1383 1124 1415 quae
1136 1372 1162 1404 se
1180 1372 1311 1404 tonsioni
1329 1373 1442 1415 placide
1452 1370 1537 1404 offert
1550 1393 1559 1407 ‚
1579 1372 1720 1415 significat
1739 1372 1938 1404 voluntarium
1961 1371 2024 1403 fore
2034 1372 2144 1403 Christi

397 1416 581 1449 sacrificium.
612 1418 648 1449 Et
661 1417 740 1449 certe
750 1440 757 1453 ,
769 1417 941 1459 &placandi
951 1418 1008 1448 Dei
1019 1417 1075 1449 fuit
1085 1418 1159 1449 tatio
1169 1417 1268 1461 ,ςυρἀ
1278 1417 1304 1449 se
1315 1419 1509 1449 obedientem
1527 1418 1656 1460 praebuit.
1684 1421 1838 1459 Loquutus
1856 1417 1895 1447 est
1906 1417 2026 1458 quidem
2041 1427 2143 1448 coram

395 1461 493 1494 Pilato
504 1473 510 1492 :
520 1461 566 1494 sed
577 1473 636 1493 non
648 1462 825 1494 redimendae
836 1464 900 1495 vitae
910 1462 989 1493 causa
1003 1484 1013 1498 ‚
1022 1463 1093 1504 quin
1103 1463 1204 1504 potius
1214 1473 1244 1494 vt
1260 1461 1288 1493 se
1300 1462 1417 1495 offerret
1435 1464 1511 1494 vltro
1522 1464 1549 1494 iu
1563 1463 1713 1494 victimam
1725 1485 1734 1498 ,
1752 1461 1859 1493 sicaria
1878 1463 1964 1492 Patre
1981 1461 2144 1494 destinatus

398 1517 461 1538 erat
472 1528 480 1541 ,
492 1506 627 1550 adeoque
636 1506 808 1548 supplicium
821 1507 903 1550 quod
914 1517 968 1538 nos
979 1506 1135 1540 manebat,
1147 1506 1200 1537 sibi
1211 1506 1378 1538 accerseret.
1423 1510 1588 1548 Vtrumque
1600 1518 1672 1549 ergo
1683 1507 1773 1537 docet
1794 1506 1943 1547 Propheta
1953 1527 1963 1540 ,
1980 1505 2143 1548 oportuisse

397 1552 547 1583 Christum
563 1553 659 1588 mori,
669 1562 700 1583 vt
711 1552 798 1583 vitam
808 1552 897 1584 nobis
907 1551 1082 1592 acquireret:
1095 1551 1239 1592 &sponte
1250 1562 1377 1582 mortem
1390 1551 1431 1582 illi
1443 1549 1526 1583 fuisse
1542 1551 1723 1582 subeundam
1735 1573 1743 1585 ‚
1754 1560 1784 1582 vr
1805 1550 1962 1580 hominum
1982 1559 2145 1582 contuma-

395 1597 471 1627 ciam
481 1595 624 1638 obsequio
635 1595 685 1626 suo
695 1595 814 1627 deleret.
840 1594 999 1630 Caeterum,
1010 1596 1080 1626 hinc
1089 1595 1258 1638 colligenda
1269 1595 1308 1627 est
1319 1595 1355 1627 ad
1364 1597 1538 1637 patientiam
1548 1595 1731 1628 exhortatio:
1741 1594 1826 1626 sicuti
1834 1592 1904 1626 facit
1915 1594 2083 1630 Petrus,sed
2092 1607 2144 1627 or·

393 1639 465 1671 dine
479 1640 616 1681 praecedit
625 1639 775 1680 illa‚quam
785 1639 953 1682 attigi,fidei
963 1639 1109 1671 doctrina.
1531 1679 1536 1684 Ι

425 1695 452 1724 33
477 1687 492 1715 1
504 1696 523 1715 u
553 1694 572 1714 ii
588 1695 606 1714 v
619 1697 641 1715 Μ
655 1685 675 1724 Ι
690 1682 730 1724 ιι
742 1695 760 1716 τ
774 1696 792 1715 Α
804 1697 822 1716 τ
834 1696 851 1716 ε
877 1695 889 1715 x
903 1695 920 1715 v
937 1696 957 1716 D
968 1695 980 1714 x
997 1694 1015 1715 c
1026 1696 1036 1714 i
1048 1694 1066 1717 v
1077 1695 1098 1715 ιι
1118 1682 1273 1723 ιινε.)νι·1
1282 1685 1385 1716 Graecfi
1394 1684 1535 1717 volumen
1544 1684 1705 1715 Eunuchus
1713 1682 1982 1718 habuit,ve11.rrcas
1991 1682 2042 1715 suo
2053 1693 2139 1716 more

393 1727 555 1760 lectionem
567 1739 638 1760 tunc
648 1728 780 1760 vfitatam
790 1730 903 1760 retulit.
929 1730 1010 1758 Dicit
1021 1730 1168 1768 Propheta
1179 1727 1347 1762 ,Christum
1359 1729 1396 1758 de
1406 1728 1536 1770 angustia
1553 1732 1584 1760 &
1606 1729 1720 1760 iudicio
1736 1726 1893 1758 sublatum.
1910 1727 2020 1768 quibus
2040 1728 2142 1760 verbis

395 1772 601 1804 admirabilem
612 1772 767 1805 victoriam
777 1773 909 1803 celebrat
919 1781 999 1813 ‚quae
1007 1773 1071 1802 eius
1087 1771 1287 1802 deiectionem
1299 1782 1369 1802 mox
1385 1771 1504 1814 sequuta
1516 1773 1563 1803 est.
1585 1782 1652 1803 nam
1673 1771 1692 1803 si
1703 1782 1798 1802 morte
1806 1767 1902 1803 fuisset
1911 1769 2064 1813 oppressus
2073 1791 2082 1806 ,
2094 1772 2142 1803 ni-

394 1817 484 1850 hilab
495 1828 532 1847 eo
554 1816 657 1857 sperari
667 1825 793 1857 poterat.
825 1818 903 1857 Ergo
914 1814 1064 1857 Propheta
1076 1826 1125 1851 ‚vr
1141 1815 1267 1846 nostram
1284 1816 1315 1847 in
1337 1816 1456 1848 Christo
1472 1817 1610 1849 fiduciam
1630 1816 1756 1848 stabiliat
1775 1835 1785 1850 ,
1802 1816 1955 1858 postquam
1973 1826 2060 1848 manu
2079 1816 2140 1849 Dei

393 1859 559 1903 percussum
570 1882 578 1896 ,
589 1862 621 1892 &
633 1859 805 1891 mactationi
814 1859 977 1891 subiectum
988 1858 1153 1902 descripsit,
1165 1870 1243 1892 nunc
1251 1859 1292 1891 illi
1304 1871 1413 1893 nouam
1423 1861 1575 1903 personam
1585 1861 1692 1893 induit:
1703 1861 1784 1903 qubd
1792 1859 1904 1892 scilicet
1914 1860 2009 1892 vietor
2017 1870 2052 1892 ex
2061 1872 2143 1893 mor—

393 1907 432 1937 tis
442 1902 541 1947 abysso
552 1914 685 1947 emergat
695 1926 704 1940 ,
716 1907 748 1937 δε
759 1915 794 1936 ex
805 1903 904 1936 inferis
915 1903 982 1947 ipsis
990 1906 1113 1946 prodeat
1132 1905 1240 1936 author
1257 1905 1324 1937 vitae
1338 1917 1458 1938 aerernae.
1493 1908 1563 1938 Scio
1581 1906 1704 1949 quidem
1722 1905 1822 1937 locum
1840 1904 1920 1936 hunc
1929 1905 2009 1937 vai-ie
2020 1907 2140 1947 exponit

391 1950 457 1982 sunt
467 1951 516 1992 qui
527 1949 698 1991 intelligant
708 1948 724 1980 a
734 1960 851 1982 carcere
861 1949 898 1981 ad
908 1961 1026 1981 crucem
1040 1960 1159 1992 raptum
1170 1948 1227 1981 esse
1238 1962 1243 1980 :
1255 1949 1319 1981 aliis
1330 1962 1348 1981 τ
1361 1963 1380 1981 ο
1395 1963 1409 1982 1.
1425 1964 1440 1982 ι
1451 1963 1462 1981 r
1471 1951 1595 1992 perinde
1607 1952 1685 1982 valet
1695 1973 1704 1987 ‚
1722 1961 1810 1992 atque
1830 1953 1863 1981 1n
1884 1949 2012 1981 nihilum
2032 1951 2139 1994 redigi.

389 1996 572 2037 Etambigiia
581 1994 622 2025 est
630 1994 768 2025 Hebraici
783 1994 889 2030 verbi,
903 2007 917 2026 ι
933 2007 950 2025 Α
963 2006 980 2026 c
995 2006 1014 2026 ι-ι
1029 2005 1045 2024 Α
1062 2007 1081 2027 1-i
1094 2017 1101 2030 ,
1114 2005 1176 2025 non
1186 1996 1284 2026 minus
1294 1996 1383 2037 quam
1393 1997 1498 2031 Graeci,
1511 1995 1601 2040 ἄιρειθς
1614 2019 1622 2031 ‚
1632 1994 1821 2038 significatio.
1845 1993 1954 2026 Verum
1967 2016 1975 2030 ,
1995 1997 2046 2037 qui
2067 2006 2142 2027 con»

390 2049 503 2071 textum
521 2040 644 2081 propius
654 2039 803 2081 expendet
814 2061 822 2075 ‚
835 2039 907 2070 mihi
921 2040 948 2071 in
960 2050 997 2071 eo
1009 2039 1090 2081 quod
1103 2039 1183 2073 dixi,
1201 2037 1373 2073 assentietur
1384 2052 1391 2071 ι
1401 2041 1437 2072 ab
1448 2040 1582 2073 illotristi
1602 2043 1634 2072 δε
1650 2039 1779 2071 deformi
1794 2039 1961 2080 spectaculo
1980 2041 2061 2081 quod
2073 2050 2141 2082 pro-

389 2082 706 2125 posuerat‚transitum
723 2095 801 2116 nunc
810 2084 874 2116 fieri
886 2084 922 2116 ad
934 2095 1048 2117 nouum
1061 2083 1210 2126 insperatae
1226 2085 1327 2127 gloriae
1342 2095 1489 2117 exortum.
1525 2086 1600 2116 Ideo
1618 2085 1647 2115 in
1656 2084 1764 2116 summa
1775 2085 1816 2114 rei
1827 2095 1887 2113 uon
1899 2084 2026 2115 multum
2043 2083 2141 2116 differt

389 2131 426 2160 Gr
434 2140 488 2160 aeca
498 2129 705 2171 interpretatio
713 2128 729 2160 ὲ
740 2129 894 2170 Prophetae
904 2130 1004 2161 verbis
1015 2131 1137 2161 :namin
1149 2130 1317 2161 humilitate
1327 2130 1374 2163 vel
1383 2130 1554 2162 abiectione
1565 2129 1708 2161 sublatum
1720 2128 1760 2159 est
1775 2127 1884 2159 Christi
1893 2128 2037 2159 iudicium
2049 2140 2058 2159 :
2069 2130 2138 2170 quia

389 2183 480 2214 quum
494 2173 644 2215 oppressus
654 2173 747 2205 videri
759 2172 862 2214 posset.
884 2176 971 2206 Patet
983 2175 1046 2205 eius
1054 2173 1167 2206 causam
1187 2172 1314 2206 asseruit.
1340 2178 1407 2205 Hoc
1419 2175 1510 2206 modo
1520 2183 1672 2207 ivntcrvm
1683 2195 1692 2209 ,
1703 2172 1785 2203 sicuti
1795 2172 1896 2203 multis
1905 2172 1969 2202 aliis
1978 2173 2052 2203 locis
2061 2191 2070 2207 ,
2080 2185 2138 2215 pro

388 2219 457 2248 Iure
466 2217 604 2250 sumetur.
627 2218 683 2249 Sed
692 2218 720 2248 in
733 2219 886 2250 Hebraico
896 2229 1036 2252 contextu
1048 2221 1284 2250 Damnationem
1295 2218 1448 2261 significat.
1458 2220 1541 2251 Dicit
1552 2217 1632 2251 enim
1640 2217 1803 2259 Propheta,
1811 2213 1973 2253 Christum,
1983 2217 2139 2260 postquam

388 2261 420 2293 in
431 2262 548 2292 vltimas
558 2262 703 2303 angustias
711 2263 843 2294 redactus
852 2262 938 2295 fuerit
949 2285 958 2299 ,
969 2266 1000 2294 &
1010 2264 1152 2295 damnato
1164 2275 1197 2295 ac
1210 2264 1328 2305 perdito
1338 2264 1437 2295 similis
1449 2287 1456 2299 ,
1466 2265 1560 2295 Patris
1569 2274 1656 2295 manu
1668 2262 1798 2294 erectum
1817 2262 1862 2292 iri.
1884 2262 1966 2304 Ergo
1979 2261 2076 2293 sensus
2085 2263 2137 2297 est,

389 2305 565 2348 Oportuiss'e
573 2306 722 2337 Christum
734 2308 815 2346 prius
826 2307 1035 2341 mortiaddici,
1046 2308 1132 2349 quam
1144 2309 1325 2340 Paterill'um
1336 2310 1365 2339 in
1381 2310 1462 2351 regni
1472 2309 1510 2340 sui
1526 2309 1651 2350 gloriam
1672 2306 1836 2338 extolleret.
1861 2306 1936 2344 Qae
1956 2306 2091 2338 doctrina
2101 2309 2138 2340 ad

388 2360 486 2384 totum
494 2349 627 2382 Ecclesiae
635 2360 742 2391 corpus
752 2350 954 2382 transferenda
965 2351 1020 2382 est:
1030 2353 1096 2392 quia
1108 2353 1173 2392 pios
1183 2363 1290 2384 ornnes
1301 2353 1476 2383 mirabibter
1483 2362 1603 2392 oportet
1613 2353 1685 2394 erigi
1697 2352 1754 2382 Dei
1768 2361 1855 2382 manu
1866 2370 1874 2384 ³
1886 2361 2028 2382 nemone
2038 2350 2138 2383 absor-

388 2397 525 2428 beantur.
552 2398 634 2426 Deus
644 2405 742 2426 autem
754 2417 761 2430 ‚
776 2405 867 2436 quum
883 2396 989 2426 vindex
1001 2394 1116 2425 suorum
1129 2407 1264 2437 apparet,
1277 2406 1337 2426 non
1350 2397 1442 2427 modb
1451 2407 1503 2427 eos
1514 2396 1637 2427 restituit
1649 2398 1676 2426 iu
1691 2398 1781 2428 vitam
1792 2417 1801 2430 ‚
1813 2395 1860 2426 sed
1873 2405 1906 2426 ex
1919 2396 2020 2427 multis
2030 2397 2136 2428 morri-

388 2441 446 2472 bus
457 2439 583 2481 insignes
592 2439 650 2470 illis
658 2440 827 2479 triumphos
839 2437 1083 2480 comparatasicuti
1095 2439 1227 2471 Christus
1235 2441 1395 2482 preclarum
1408 2441 1479 2472 illud
1490 2443 1653 2482 trophaeum
1663 2441 1692 2471 in
1703 2451 1790 2472 cruce
1799 2438 1948 2475 statuir‚de
1959 2451 2021 2483 quo
2030 2442 2137 2473 memi-

388 2485 433 2517 nit
444 2484 604 2525 Apostolus
612 2483 741 2514 secundo
750 2484 785 2515 ad
796 2483 981 2515 Colossenscs
991 2483 1098 2524 capite.
1887 2505 1893 2509 .

441 2532 469 2560 G
481 2541 497 2561 ε
514 2541 530 2559 n
545 2541 561 2560 it
577 2542 594 2560 it
607 2541 623 2559 Α
638 2541 656 2559 τ
669 2540 679 2559 1
692 2541 710 2567 o
728 2540 746 2559 Ν
760 2540 776 2558 ιι
791 2538 811 2558 Μ
836 2540 853 2559 ε
866 2540 877 2558 t
892 2540 908 2559 v
925 2526 965 2567 s.)
998 2527 1156 2570 Postquam
1168 2527 1319 2559 victricem
1333 2529 1441 2560 Christi
1451 2539 1579 2560 mortem
1591 2527 1994 2570 celebrauitPiophera,iam
2003 2527 2135 2564 subiicit,

386 2585 449 2605 non
460 2574 555 2615 exigui
569 2574 713 2614 temporis
724 2571 790 2603 fore
800 2573 954 2604 victoriam
965 2571 1031 2608 ,sed
1039 2583 1101 2614 quae
1110 2573 1296 2614 propaganda
1309 2572 1341 2604 fit
1361 2574 1434 2605 vltra
1453 2585 1574 2605 omnem
1595 2583 1740 2605 annorum
1761 2583 1927 2603 numerum.
1974 2576 2049 2603 Nam
2060 2575 2135 2604 Pro-

387 2619 483 2661 phetae
493 2619 668 2649 exclamatio
679 2617 802 2659 perinde
813 2618 892 2648 valet
901 2639 909 2653 ,
927 2627 960 2647 ac
980 2615 997 2646 si
1018 2617 1248 2658 perpetuitatem
1259 2619 1343 2660 regni
1355 2619 1462 2649 Christi
1482 2629 1604 2661 negaret
1622 2618 1777 2648 hominum
1798 2617 1899 2659 lingua
1909 2618 2031 2659 exprimi
2042 2615 2134 2658 posse.

387 2661 753 2696 Caeterfim‚hunc10cum
765 2660 1021 2694 miseretorserunt
1032 2663 1218 2703 interpretes.
1252 2662 1346 2701 de
1356 2674 1491 2694 aeternam
1501 2664 1592 2695 Verbi
1610 2662 1669 2694 Dei
1686 2662 1912 2704 generationem
1931 2662 2000 2693 hinc
2017 2672 2134 2693 veteres

386 2708 516 2749 probare
525 2707 623 2738 conati
633 2705 698 2738 sunt
707 2705 1074 2741 aduersusArrium,nimis
1083 2706 1207 2738 amente
1217 2707 1366 2749 Prophete
1377 2706 1590 2740 dissentaneum
1602 2707 1749 2744 est,uihilo
1761 2706 1858 2737 verior
1869 2706 2072 2747 Chrysostomi
2084 2717 2134 2738 ex-

387 2751 510 2794 positio,
521 2753 570 2794 qui
580 2753 615 2783 ad
625 2751 782 2783 humanam
790 2751 1016 2794 generationem
1028 2749 1228 2792 refert.neque
1236 2750 1278 2781 illi
1288 2754 1440 2793 Prophetae
1449 2752 1558 2783 sensum
1569 2750 1758 2793 assequuntur
1770 2771 1778 2782 ‚
1787 2752 1837 2792 qui
1847 2751 1879 2782 in
1888 2751 1967 2782 illius
1977 2751 2067 2783 aetatis
2079 2751 2134 2781 ho-

387 2798 485 2828 mines
493 2808 566 2830 eum
576 2796 678 2828 inuehi
689 2805 803 2837 putant.
844 2796 950 2827 Melius
960 2796 1020 2837 alij,
1030 2796 1130 2838 quide
1139 2794 1265 2826 Ecclesia
1275 2797 1423 2838 accipiunt
1433 2797 1543 2829 arctum
1556 2819 1566 2833 ,
1577 2797 1627 2828 nisi
1639 2796 1721 2838 qubd
1741 2794 1882 2827 falluntur
1899 2795 1952 2838 ipsi
1970 2805 2090 2839 quoque
2101 2795 2131 2827 in

386 2851 463 2873 vnce
476 2854 517 2874 oe
527 2853 674 2872 NERATIO
683 2852 714 2871 Νι
723 2852 752 2875 s,
764 2851 826 2882 quae
834 2841 894 2871 illis
904 2840 1109 2887 Posteritatem
1120 2838 1318 2872 autsobolem
1330 2841 1483 2882 fignificat.
1507 2842 1611 2884 Atqui,
1623 2847 1734 2872 nomen
1746 2851 1813 2870 DOR
1825 2840 1908 2881 quod
1919 2840 1959 2872 est
1968 2839 2045 2880 apud
2056 2842 2138 2870 Pro-⁴

386 2885 519 2927 phetam,
528 2886 660 2916 Hebraezs
669 2885 808 2916 Seculum
819 2896 868 2916 aut
878 2887 937 2927 vite
949 2885 1082 2916 humanae
1091 2886 1276 2919 durationem
1286 2883 1440 2926 fignificat.
1473 2886 1578 2918 Sensus
1587 2887 1687 2928 itaque
1697 2886 1854 2926 Prophetae
1861 2884 1964 2926 procul
1975 2884 2070 2914 dubio
2079 2884 2131 2918 est,

385 2929 475 2960 vitam
487 2931 594 2962 Christi
604 2940 774 2971 perpetuam
787 2928 863 2965 fore,
875 2940 965 2972 quum
975 2929 1062 2961 semel
1073 2930 1166 2961 Patris
1183 2929 1273 2972 gratia
1287 2929 1430 2961 liberatus
1439 2932 1455 2962 a
1473 2941 1569 2963 morte
1579 2929 1666 2962 fuerit
1677 2942 1686 2960 :
1698 2939 1867 2971 quanquam
1884 2929 1944 2960 vita
1956 2928 2015 2958 haec
2025 2939 2087 2970 quat
2096 2929 2131 2959 fi.

386 2983 424 3005 ne
435 2984 524 3006 caret,
536 2974 569 3004 ad
579 2984 679 3005 totum
689 2973 821 3005 Ecclesiae
831 2985 940 3016 corpus
951 2984 1089 3015 pertinet:
1102 2976 1170 3016 quia
1179 2985 1238 3006 non
1247 2983 1278 3004 vt
1288 2972 1340 3003 sibi
1349 2974 1440 3011 vitiat,
1452 2975 1499 3007 sed
1509 2975 1566 3006 suis
1575 2998 1583 3011 ,
1601 2974 1736 3006 Christus
1745 2972 1907 3005 resurrexit.
1939 2973 2074 3003 Fructum
2086 2984 2133 3004 er-

386 3028 427 3060 go
439 3021 469 3050 &
481 3017 616 3049 effectum
627 3018 704 3049 illius
714 3029 801 3060 quam
813 3020 843 3049 in
853 3022 947 3060 capite
958 3018 1052 3059 posuit
1064 3019 1203 3054 victoriae,
1213 3018 1330 3050 nuncin
1343 3021 1484 3052 membris
1495 3021 1635 3051 omnibus
1647 3019 1791 3050 celebrat.
1832 3018 1936 3056 Qare
1945 3026 1979 3047 ex
1990 3016 2130 3049 hocloco

387 3064 454 3093 vitat
471 3072 581 3094 aeternae
596 3062 733 3094 fiduciam
752 3064 912 3105 concipere
929 3062 1124 3106 vnusquisque
1133 3063 1262 3098 fidelium
1273 3062 1643 3105 potestzdeinde,Ecclefiat
1651 3063 1751 3106 potins
1761 3061 1943 3104 perpetuitas
1961 3062 1990 3092 in
2007 3061 2130 3104 persona

388 3107 496 3138 christi
505 3105 646 3138 asseritur.
1522 3138 1525 3140 ,
1632 3106 1649 3124 ”·“
1670 3118 1672 3120 ’

430 3152 518 3191 Qu
543 3163 606 3181 τοι
614 3161 702 3182 ιιτνιι
726 3163 742 3182 ιι
769 3165 781 3182 'i
792 3164 807 3183 a
816 3164 832 3181 R
840 3164 855 3181 R
864 3158 908 3190 A.)
933 3151 1026 3183 Valde
1036 3151 1157 3183 absurda
1167 3152 1197 3182 in
1209 3150 1222 3182 s
1240 3149 1335 3183 eciem
1345 3150 1421 3183 ratio
1431 3173 1440 3186 ,
1450 3151 1532 3194 quod
1541 3161 1601 3189 tam
1613 3149 1770 3193 magnifice
1777 3159 1880 3192 regnet
1891 3149 2025 3181 Christus
2036 3149 2064 3181 in
2077 3161 2131 3181 cae·

386 3195 418 3226 lo
428 3198 456 3228 δι
467 3198 496 3226 iu
506 3201 595 3229 terta,
606 3195 686 3234 Qia
697 3193 804 3226 excisus
815 3194 878 3227 fuit.
902 3197 980 3231 Quis
991 3198 1069 3228 enirn
1081 3163 1244 3232 interitus,
1254 3195 1318 3227 vitae
1328 3195 1441 3230 causam
1450 3193 1507 3231 effe
1516 3196 1634 3238 credat?
1649 3196 1706 3237 Sed
1715 3195 1774 3225 hoc
1789 3194 1955 3225 admirabili
1967 3196 2024 3225 Dei
2036 3193 2129 3225 confi-

386 3239 428 3270 lio
443 3239 552 3272 factum
562 3239 651 3273 estat
663 3238 746 3269 inferi
757 3239 832 3271 scalae
841 3239 944 3275 essent,
953 3241 1062 3282 quibus
1071 3243 1102 3272 in
1113 3241 1213 3273 caelum
1223 3240 1354 3279 christus
1363 3238 1754 3282 coriscetidere'tiignomiuia
1765 3238 1901 3269 transitus
1910 3240 1950 3270 illi
1966 3237 2037 3270 esset
2045 3239 2074 3269 in
2084 3239 2129 3270 vi-

385 3292 493 3316 tamtex
502 3285 596 3315 crucis
607 3283 730 3318 horrore
741 3285 772 3315 &
780 3285 913 3315 tenebris
924 3296 1089 3326 emergeret
1100 3286 1180 3317 laetus
1191 3285 1288 3317 salutis
1297 3282 1441 3329 fulgonex
1452 3286 1555 3316 mortis
1563 3281 1662 3324 abysso
1673 3284 1759 3314 beata
1770 3283 1975 3315 immortalitas
1987 3292 2128 3315 manaret.

386 3327 466 3367 Qia
477 3327 503 3359 se
514 3328 606 3369 ipsum
617 3327 787 3362 exinaniuit,
800 3339 955 3371 propterea
967 3330 1068 3361 extulit
1078 3328 1170 3371 ipsum
1182 3325 1319 3365 Pater‚·iit
1328 3339 1426 3362 coram
1436 3327 1497 3368 ipso
1506 3340 1596 3360 omne
1608 3338 1684 3370 genu
1695 3327 1994 3361 flectatur‚&c.Nunc
2006 3338 2063 3369 quq
2073 3338 2129 3358 no-

286 3370 291 3377 '
339 3412 344 3416 ῃ
384 3372 432 3403 bis
440 3370 473 3402 sit
483 3382 548 3403 cum
559 3372 678 3404 Christo
694 3370 825 3405 societas,
837 3373 1029 3414 cogitandum
1042 3374 1092 3409 est,
1106 3386 1142 3404 ne
1152 3376 1200 3405 cui
1209 3372 1299 3417 graue
1307 3384 1356 3405 aut
1367 3373 1522 3406 molestum
1534 3373 1565 3404 sit
1574 3373 1678 3404 eadem
1689 3372 1734 3402 via
1748 3383 1882 3414 pergere.

428 3429 460 3455 34
481 3418 509 3448 D
522 3427 532 3446 t
544 3428 561 3446 x
577 3428 587 3446 r
600 3428 617 3446 τ
627 3415 786 3451 Eunuchus
794 3414 1279 3460 Philipp0.)Hicapparet,quanto
1288 3416 1416 3450 discendi
1426 3411 1520 3449 studio
1529 3416 1659 3459 flagraret
1672 3417 1840 3446 Eunuchus.
1849 3415 2015 3458 Vagaturin
2027 3413 2127 3445 multis

384 3459 459 3493 1522ae
469 3460 616 3494 vaticiniis
626 3459 704 3503 quasi
712 3462 766 3504 per
776 3457 883 3508 dubias
891 3461 1042 3505 ambages,
1057 3473 1111 3495 nec
1122 3472 1222 3495 tamen
1232 3462 1359 3506 legendo
1369 3460 1516 3508 fatigatur.
1538 3465 1617 3495 Duru
1629 3471 1726 3492 autem
1738 3461 1812 3492 nihil
1821 3459 1876 3492 fibi
1885 3468 2013 3502 arrogat,
2024 3469 2126 3533 ppoeter

2056 3512 2126 3544 pem
