2310 3841
344 193 411 232 ²5²·

347 370 399 398 tre
407 371 491 398 meo.
1102 410 1108 415 .

1023 418 1120 445 mlnl:

1068 477 1121 512 40
1154 460 1278 500 Sedere
1286 460 1428 500 autema>
1439 462 1568 501 dextra}
1578 461 1660 500 meti
1671 459 1711 508 ά·
1727 459 1748 498 ιὶ
1755 460 1890 514 fing'st'ris

838 173 918 226 IN
964 174 1177 219 HARM
1204 174 1257 215 Ο.
1299 173 1566 216 EVANG.

334 245 444 300 stram
451 256 573 292 meam,
583 256 653 281 non
663 242 709 297 est
716 254 829 282 meum
837 241 918 281 dare
927 238 1015 292 ‚fedi
1067 251 1108 289 39
1133 247 1210 281 uit
1217 239 1267 277 iffi
1279 237 1445 278 dixerunt
1454 233 1763 292 ei,P0fficmus.Iesus
1773 235 1894 277 autem*

343 305 387 357 qs
396 303 563 356 continget
572 297 857 355 quibuspantum
866 297 939 352 estis*
949 304 1008 346 124-
1021 294 1115 334 dixit
1123 293 1360 344 illtassnulum
1370 293 1510 350 quidem
1522 294 1614 348 quod
1624 305 1681 346 ego
1693 288 1780 339 babo,
1792 293 1886 333 bibe-

1020 347 1085 414 '1123ss
1087 350 1128 397 ῤ’
1138 348 1332 406 bapttsmate
1353 364 1420 404 quo
1433 364 1494 404 ego
1513 349 1686 406 baptizor,
1702 346 1889 401 baptizabi—

1029 515 1194 565 mebk‘gnon
1203 518 1250 570 est
1256 531 1370 557 meum
1379 516 1472 564 dare,
1470 519 1537 573 [ἑά
1543 520 1583 572 ᾖς
1593 519 1762 573 continget
1773 517 1886 573 quibua

1015 548 1024 628 Ι
1026 583 1186 629 paratum
1195 575 1251 627 est.
1895 525 1904 622 Ι

344 734 347 737 -
383 704 728 744 Haechistoriaillustre
743 703 890 739 continet
907 699 1067 746 speculum
1079 697 1193 751 huma-

349 769 397 792 nae
406 756 564 793 vanitatis.
573 754 670 790 docet
679 753 766 787 enim
777 751 867 786 resto
878 748 1000 797 pioque
1008 748 1080 781 zelo
1087 745 1194 800 ambi-

353 806 477 841 tionem
488 805 565 850 saepe
575 801 635 837 ess'e
644 801 856 847 implicitam,
874 798 926 833 vel
935 796 1019 831 aliud
1030 796 1133 831 carnis
1142 806 1194 832 vi-

353 855 482 888 tiumzvt
493 853 546 899 qui
557 849 728 897 sequuntur
739 844 903 885 Christum
915 868 925 885 ,
943 846 1009 880 alio
1025 842 1193 891 respiciant

353 903 448 949 quam
460 910 600 947 oportet.
623 894 727 933 Porro
737 897 754 932 a
763 894 861 942 scopo
869 905 1038 942 perperam
1048 893 1194 926 aberrant

354 950 409 998 qui
419 962 484 984 vno
495 947 562 996 ipso
573 959 641 981 non
655 946 812 982 contenti,
823 946 886 991 hoc
899 944 948 977 vel
959 941 1040 975 illud
1049 952 1194 988 quaerunt

352 1004 521 1032 extraeeum
532 1001 563 1032 δι
574 996 642 1030 eius
651 992 887 1041 promiffiones.
912 993 986 1027 Nec
997 990 1068 1023 satis
1077 990 1120 1023 est
1131 989 1193 1041 ini:

352 1047 401 1081 tib
410 1046 554 1081 animum
563 1043 747 1089 simpliciter
757 1042 795 1077 ad
804 1039 969 1076 Christum
980 1037 1127 1075 adiicere,
1137 1037 1196 1070 nin

354 1094 496 1129 eiusdem
507 1092 628 1139 semper
639 1101 764 1127 maneat
774 1088 920 1136 puritatis
929 1085 1110 1133 tenorzquia
1119 1083 1196 1130 saepe

355 1144 390 1177 in
412 1143 522 1177 medio
540 1141 626 1175 cursu
646 1140 807 1185 obrepunt
817 1135 921 1172 vitiosi
932 1133 1063 1169 affectus
1079 1131 1197 1179 quibus

358 1192 391 1225 in
401 1190 538 1238 obquui'i
547 1188 767 1223 abstrahimur.
786 1185 884 1219 Sicuti
895 1182 1050 1218 credibile
1059 1182 1104 1215 est
1115 1181 1198 1215 duos

359 1239 506 1274 Zebedaei
524 1237 611 1271 filios
627 1235 754 1282 syncere
773 1232 914 1280 primum
931 1230 1065 1266 Christo
1076 1241 1198 1263 nomen

358 1287 475 1323 dediffe
493 1300 502 1320 t
521 1284 572 1320 sed
583 1289 638 1321 vbi
649 1284 734 1330 apud'
749 1295 823 1316 euin
834 1280 863 1314 se
882 1293 948 1314 non
960 1279 1082 1326 vulgari
1097 1289 1199 1326 gratia

356 1337 479 1382 pollere
490 1334 600 1368 vident
610 1356 619 1372 ‚
639 1336 669 1367 &
683 1331 814 1365 audiunt
832 1330 923 1377 regni
943 1339 1117 1379 propinqui
1130 1326 1198 1360 lieri

358 1381 679 1420 mentionem,statim
691 1381 728 1414 ad
737 1391 865 1425 prauam
878 1377 1085 1423 cupiditatem
1095 1377 1200 1408 ierun-

361 1444 410 1467 tur
423 1430 564 1478 ipsorum
574 1430 686 1467 animi,
699 1426 843 1474 ipsosque
859 1425 1034 1460 liberaliter
1044 1425 1077 1458 in
1089 1421 1200 1457 officio

359 1492 488 1516 manere
499 1480 597 1527 piget.
626 1479 701 1512 Hoc
712 1475 733 1510 fi
754 1475 881 1509 du-*bus
893 1474 1024 1508 summis
1039 1470 1201 1519 discipulis

359 1529 512 1575 contigit,
523 1527 618 1575 qu‘am
631 1523 936 1560 solliciteambulare
947 1534 1007 1556 nos
1017 1521 1128 1557 decet,
1145 1520 1164 1554 si
1184 1521 1200 1554 Ξι

361 1579 447 1611 ῐεᾶῑι
457 1577 541 1611 linea
559 1575 731 1610 &esscetere
749 1573 910 1606 nolumus.
951 1568 1127 1604 Praesertini
1144 1568 1200 1602 vbi

360 1624 534 1672 plausibilis
544 1624 647 1670 aliqua
659 1620 784 1657 occasio
802 1618 831 1654 se
844 1616 950 1658 offert,
961 1618 1139 1654 cauendum
1159 1630 1200 1651 rie

361 1674 525 1708 honorum
535 1672 692 1718 cupiditas
700 1669 828 1716 pietatis
837 1666 984 1702 affec-“tutu
996 1665 1202 1700 inficiat.Cae-

363 1723 467 1756 tetum
478 1733 570 1768 >quan
599 1732 670 1754 uam
688 1719 721 1752 in
741 1716 849 1753 verbis
858 1713 1010 1749 nonnihil
1026 1713 1203 1759 discreparit

363 1770 533 1805 Matthaeus
587 1766 762 1805 Marcus‚in
773 1766 820 1799 rei
833 1776 940 1798 tamen
950 1762 1071 1797 summa
1082 1774 1203 1796 conue-

364 1817 563 1853 niunt.Dicit
573 1815 738 1862 Mattheus
748 1813 866 1849 venisse
876 1824 1007 1846 onrem
1018 1811 1205 1849 Zebedei,&

366 1866 443 1900 filiis
462 1863 626 1913 postulasse
644 1876 677 1899 vt
697 1859 793 1910 primi
813 1863 846 1896 in
857 1856 960 1907 re'gno
980 1859 1101 1895 christi
1117 1857 1205 1893 sede-

368 1926 448 1949 rent:
459 1918 587 1950 Marcus
596 1912 681 1958 ipsos
692 1923 840 1958 rogantes
851 1909 985 1944 inducit.
1015 1908 1074 1953 Sed
1086 1908 1205 1953 proba-

370 1963 436 1996 bile
452 1962 584 2009 est,quia
593 1961 658 1995 illis
667 1959 814 1994 obstabat
823 1958 926 2004 pudor
935 1979 946 1996 ,
959 1968 1094 1990 matrem
1108 1955 1208 1990 astute

368 2009 455 2045 fuisse
466 2008 768 2054 iiiterpofitain‚quae
778 2005 925 2040 audacius
935 1995 1122 2050 patefit-Ab
1137 2003 1209 2050 ipsis

369 2070 475 2093 autem
486 2056 633 2105 profefii'i
645 2056 702 2090 efle
711 2065 824 2089 votum
835 2053 912 2087 hinc
924 2051 1089 2097 colligitur
1100 2076 1109 2090 ,
1120 2051 1209 2098 quod

371 2107 518 2142 Christus
528 2106 602 2142 illis,
613 2117 678 2138 non
687 2103 780 2138 matri
791 2100 963 2146 respondit.
978 2099 1112 2134 Deinde
1122 2098 1211 2146 quod

371 2167 470 2190 mater
481 2155 606 2201 supplex
616 2152 736 2199 aliquid
747 2150 776 2185 se
795 2151 878 2184 velle
887 2160 995 2196 petere
1005 2147 1145 2182 ostendit
1155 2160 1212 2181 an-

373 2214 502 2249 tequam
517 2201 655 2248 proferat
663 2200 751 2248 quod
760 2199 856 2233 habet
868 2198 901 2231 in
911 2197 1076 2238 animo.Et
1086 2195 1142 2241 ipsi
1152 2196 1214 2231 etii

374 2252 456 2298 apud
466 2253 612 2286 Marcum
623 2249 655 2281 in
669 2259 789 2294 genere
797 2247 997 2291 stipulantur,
1009 2243 1214 2289 concedisibi

376 2298 531 2347 quicquid
543 2295 706 2343 petierint.
733 2296 810 2328 Haec
822 2293 936 2326 timida
947 2292 1114 2327 insinuatio
1133 2292 1215 2326 male

380 2348 438 2383 fibi
449 2345 596 2381 conscios
606 2341 693 2377 fuisse
704 2340 790 2375 testis
800 2340 855 2374 est.

416 2408 446 2429 21
469 2396 504 2428 In
512 2406 599 2440 regno
607 2393 766 2434 tumst-{oc
777 2392 808 2422 in
820 2387 894 2422 filiis
907 2385 1055 2421 Zebedaei
1065 2385 1156 2419 laude
1167 2385 1217 2419 di-

353 2476 356 2482 .
380 2448 481 2492 g'nuni
492 2441 550 2476 fuit
560 2445 570 2480 3
582 2439 702 2486 sperare
713 2438 842 2484 aliquod
852 2434 973 2470 chtisti
983 2433 1118 2480 regnum
1129 2433 1218 2467 cuius

381 2505 423 2527 ne
435 2491 570 2526 minima
580 2488 710 2535 quidem
723 2485 835 2519 vmbra
846 2495 921 2518 tunc
930 2481 1109 2530 apparebat.
1119 2482 1217 2516 Vide't

382 2539 439 2574 sub
457 2538 598 2587 ignobili
609 2535 687 2569 serui
699 2533 808 2567 habitu
820 2531 1121 2577 contemptibilem:
1148 2530 1218 2565 imo

382 2588 494 2625 vident
506 2585 628 2620 mundo
638 2582 763 2617 sordere
773 2605 782 2620 ‚
796 2575 967 2627 multisque
977 2578 1105 2625 probris
1114 2577 1220 2612 subie-

383 2639 472 2671 &uni
491 2649 499 2669 ε
516 2633 722 2668 ὺῐεωίῖειιῃειι
734 2629 942 2678 magnificum
961 2626 1029 2662 fore
1039 2625 1220 2672 regemsslibi

384 2682 656 2731 persuadent‚quia
668 2678 707 2713 fic
719 2680 877 2712 docuerat.
890 2676 1076 2711 Praeclarum
1089 2674 1171 2708 certe
1181 2674 1220 2708 fi-

385 2733 437 2767 dei
447 2732 628 2777 exemplum
640 2741 648 2761 :
658 2727 710 2761 sed
721 2726 797 2760 hinc
808 2724 1015 2772 perspicimus
1029 2723 1123 2770 quam
1132 2721 1222 2756 facile

385 2792 501 2827 purum
510 2777 616 2813 semen
636 2799 646 2815 ‚
664 2775 791 2809 simulac
802 2773 953 2809 cordibus
963 2771 1080 2806 nostris
1097 2771 1222 2805 insitum

387 2828 618 2875 est‚degeneret
628 2826 662 2858 in
672 2823 886 2869 corruptelas:
903 2820 976 2869 quia
988 2819 1155 2857 vmbratile
1165 2818 1224 2855 fibi

389 2873 698 2924 regnumimaginati
715 2871 805 2912 sunt,
825 2875 856 2906 δι
869 2883 943 2904 mox
960 2869 998 2903 ad
1009 2868 1126 2914 primas
1139 2865 1225 2902 sedes

391 2924 580 2970 appetendas
590 2920 680 2957 stulte
689 2920 814 2965 delapfi.
831 2919 921 2965 Ergo
932 2929 1030 2964 quum
1041 2929 1078 2951 ex
1087 2915 1226 2962 generali

392 2971 467 3006 fidei
478 2972 635 3017 principio
646 2992 655 3007 ,
667 2969 753 3015 quod
765 2980 819 3013 per
835 2968 864 3001 se
874 2979 941 3000 non
951 2977 1061 3013 parum
1071 2963 1226 2999 laudabile

387 3030 458 3054 crat
482 3041 492 3057 ‚
521 3018 646 3052 fluxerit
656 3016 719 3050 haec
730 3027 824 3062 praua
833 3015 986 3060 cupiditas
994 3036 1004 3051 ‚
1014 3012 1173 3059 rogandus
1183 3011 1228 3047 est

392 3068 561 3105 Dominus
580 3078 643 3100 non
655 3063 778 3099 tantum
791 3074 823 3099 vt
834 3062 929 3097 nobis
938 3062 1055 3108 aperiat
1065 3061 1180 3095 mentis
1189 3073 1227 3094 o-

394 3114 550 3153 culosu'cd
561 3114 656 3147 etiam
668 3123 700 3145 vt
712 3111 865 3156 perpetuo
875 3107 1172 3158 dirigat‚tene;itque
1181 3109 1228 3142 in-

392 3173 499 3199 tentos
509 3162 546 3195 ad
557 3163 678 3195 τεᾶυιῃ
689 3159 829 3204 scopum.
854 3159 1030 3205 Rogandus
1048 3158 1143 3192 etiam
1162 3168 1228 3190 non

394 3211 496 3246 modo
506 3221 538 3243 vt
548 3208 645 3242 fidem
657 3206 751 3240 nobis
762 3205 891 3252 inspiret
900 3229 911 3245 ,
922 3206 972 3241 sed
985 3217 1017 3239 vt
1031 3217 1139 3252 puram
1151 3217 1230 3240 con-

397 3259 496 3294 seruet
508 3258 545 3292 ab
559 3256 649 3290 omni
661 3255 806 3288 mixtura.

431 3320 467 3341 22
492 3305 637 3354 Ἇζςβιιιζς
653 3300 867 3347 qmdpetatis.)
888 3302 1018 3346 Duplici
1034 3302 1168 3336 nomine
1177 3301 1231 3336 da-

398 3356 535 3389 mnanda
544 3351 601 3386 fuit
613 3363 724 3385 eorum
736 3347 867 3383 inscitia:
876 3349 1016 3394 primuni
1029 3351 1115 3395 quod
1129 3349 1233 3387 ambi-

401 3402 483 3435 tiosc
494 3410 675 3446 appeterent
686 3398 755 3443 plus
765 3396 858 3443 quim
872 3396 1133 3432 decebaizdeinde
1143 3396 1233 3445 quod

400 3460 458 3494 pro
469 3448 579 3482 caelesti
589 3445 710 3481 Christi
720 3457 820 3491 regno
831 3446 957 3478 aereum
969 3444 1150 3489 phantasma
1159 3458 1235 3479 con·

401 3507 560 3542 ceperant.
576 3495 676 3543 Qod
685 3494 722 3529 ad
731 3493 870 3540 primuni
881 3491 1152 3540 speetat,quisquis
1163 3504 1234 3539 gra-

1240 699 1321 734 tuita
1331 699 1582 748 Dei¹adoptione
1593 703 1637 735 n6
1647 709 1817 734 contentus
1834 699 1976 734 eminere
1984 712 2081 747 appe-

1241 747 1382 788 tit‚extra
1392 761 1490 784 meras
1498 748 1563 783 suas
1570 746 1779 797 vagatur‚seq;
1790 749 1974 793 importune
1984 750 2040 796 ing
2047 762 2081 784 e-

1242 809 1315 831 rens
1324 793 1406 832 vltra
1413 796 1509 845 'quam
1519 797 1650 832 decebat
1660 819 1672 837 ι
1681 798 1824 845 ingratus
1835 794 1878 830 est
1890 798 1975 830 Deo.
2013 802 2082 832 lam

1242 844 1403 892 spirituale
1413 844 1531 881 bhristi
1543 857 1676 893 regnum
1688 844 1772 878 seniii
1784 847 1884 879 carnis
1895 848 2008 878 noltrae
2017 858 2083 880 me-

1244 893 1600 941 tiri‚nimi5peruersum
1613 894 1710 928 cli-Et
1719 894 1851 940 quidem
1864 906 1904 927 eo
1917 894 2018 940 magis
2030 906 2083 928 ca-

1245 942 1354 977 uendae
1363 941 1433 976 sunt
1442 941 1551 977 otiosae
1563 941 1790 989 speculationes
1800 954 1866 990 quo
1877 944 1978 990 magis
1987 940 2085 990 burna

1246 1003 1291 1024 no
1301 992 1435 1039 ingenio
1446 991 1598 1025 arrident.
1621 992 1707 1025 licuti
1718 991 1863 1025 videmus
1873 990 2084 1035 sophistarum

1245 1038 1348 1072 libros
1358 1039 1507 1073 inanibus
1517 1037 1672 1073 eiusmodi
1682 1038 1847 1086 figmentis
1856 1036 1990 1073 refertos
2000 1036 2071 1072 esse.

1280 1087 1413 1129 ‘Potestis
1425 1088 1528 1121 bubere
1533 1089 1692 1136 poculum.)
1702 1095 1724 1123 v
1734 1099 1746 1120 t
1759 1087 1971 1121 ambitionem
1984 1086 2087 1121 corri-

1247 1135 1372 1182 gat,&a
1390 1135 1705 1181 peruersokdesiderio
1717 1149 1772 1169 eos
1782 1146 1913 1170 reuocet
1924 1158 1933 1173 ‚
1956 1147 2086 1173 crucem

1248 1187 1280 1217 &
1292 1195 1406 1218 omnes
1416 1197 1568 1218 aerumnas
1578 1185 1641 1216 illis
1649 1184 1804 1230 proponit
1815 1205 1825 1222 ,
1842 1195 1909 1230 quae
1926 1184 1991 1218 Dei
2011 1183 2088 1218 filiis

1248 1230 1413 1266 subeundae
1425 1230 1505 1266 sunt.
1530 1230 1587 1265 acsi
1602 1230 1927 1270 dixiffet‚Tanti'2mne
1938 1232 2032 1267 vobis
2043 1231 2087 1266 est

1249 1279 1308 1323 otij
1319 1277 1487 1326 apraesenti
1498 1279 1634 1317 militia,
1652 1292 1685 1314 vt
1696 1280 1852 1325 triumphi
1872 1291 2008 1327 pompas
2024 1281 2087 1314 iam

1250 1329 1429 1362 ordinetis?
1451 1328 1538 1362 Nam
1550 1325 1571 1360 si
1580 1328 1759 1361 vocationis
1769 1327 1825 1362 suae
1837 1329 1994 1362 exercitiis
2004 1327 2088 1362 serio

1250 1373 1376 1411 fuissent
1388 1375 1510 1415 dediti,
1535 1387 1634 1421 prauae
1646 1375 1720 1409 huic
1739 1377 1962 1422 imaginationi
1982 1379 2089 1410 locum

1251 1437 1417 1471 nunquam
1429 1422 1703 1466 dediffeiitLQiare
1715 1423 1771 1459 hac
1783 1423 1936 1458 sententia
1946 1424 2092 1459 christus

1251 1485 1308 1506 eos
1318 1475 1373 1519 qui
1383 1482 1456 1506 ante
1466 1482 1590 1517 tempus
1601 1474 1736 1517 palmam
1749 1473 1903 1518 arripiunt
1913 1495 1923 1511 ‚
1943 1473 1976 1506 in
1988 1473 2093 1507 medi-

1250 1522 1354 1556 tandis
1364 1521 1491 1568 pietatis
1508 1518 1627 1555 officiis
1638 1521 1788 1566 occupari
1805 1521 1906 1555 iubet.
1943 1522 1984 1555 Et
2006 1520 2092 1555 certe

1251 1569 1314 1604 hoc
1324 1568 1423 1603 fraeno
1434 1568 1557 1616 optime
1567 1568 1705 1602 ambitio
1716 1567 2012 1616 compescitum-quia
2022 1569 2093 1602 talis

1251 1616 1296 1652 est
1305 1617 1412 1652 nostra
1421 1617 1719 1665 conditioquandiu
1732 1616 1764 1650 in
1776 1617 1899 1651 mundo
1910 1617 2092 1664 peregrina-

1253 1676 1372 1706 mur,vt
1382 1678 1476 1699 vanas
1485 1665 1615 1700 delicias
1628 1675 1775 1699 excutere
1787 1665 1914 1699 debeat.
1953 1666 2094 1699 circun-

1253 1714 1331 1749 stant
1343 1727 1404 1748 nos
1416 1715 1503 1748 mille
1513 1714 1670 1760 pericula:
1684 1726 1768 1748 nunc
1779 1714 1810 1746 in
1817 1712 1946 1752 sitnm&
1958 1714 2093 1760 quidem

1253 1763 1348 1807 variis
1359 1775 1420 1797 nos
1431 1761 1531 1797 hostis
1541 1762 1691 1796 adoritur:
1706 1774 1789 1796 nunc
1799 1773 1902 1807 aperta
1913 1761 1941 1794 vi
1954 1761 2094 1796 insultat.

1252 1809 1378 1847 Nonne
1387 1809 1550 1858 plusquam
1566 1810 1707 1856 stupidus
1724 1809 1769 1844 est
1786 1810 1838 1856 qui
1851 1810 1993 1843 intertot
2004 1821 2095 1843 nior-

1255 1871 1303 1894 tes
1329 1857 1435 1894 secure
1457 1860 1490 1893 in
1517 1858 1684 1904 triumpho
1698 1858 1871 1905 pingendo
1890 1857 1920 1892 se
1938 1857 2095 1892 obierint?

1256 1901 1375 1950 Cffitos
1385 1907 1517 1954 quidem
1529 1908 1568 1941 de
1579 1905 1715 1941 victoria
1725 1905 1797 1939 suos
1808 1905 1867 1940 esse
1874 1906 1963 1940 iubet
1973 1906 2097 1940 Domi-

1257 1968 1334 1995 nus,
1350 1959 1382 1990 &
1401 1956 1435 1988 in
1452 1954 1556 1988 media
1566 1963 1672 1987 morte
1682 1953 1882 1999 triumphum
1893 1965 2014 1992 canere,
2025 1954 2097 2001 quia

1257 2004 1348 2037 aliter
1357 2003 1395 2036 ad
1404 2001 1530 2036 strenue
1540 2001 1748 2047 pugnandum
1759 1998 1890 2045 animati
1904 2013 1971 2036 non
1982 2000 2098 2036 forent:

1259 2049 1310 2084 sed
1323 2050 1406 2084 aliud
1419 2049 1463 2084 est
1473 2047 1524 2096 spe
1535 2048 1693 2083 mercedis
1709 2048 1768 2082 fibi
1789 2049 1836 2083 Di
1861 2049 1958 2083 initus
1977 2061 2099 2097 propo-

1262 2098 1316 2133 sita
1325 2096 1354 2133 se
1365 2099 1509 2133 alacriter
1518 2097 1556 2132 ad
1567 2097 1771 2144 pugnandum
1781 2109 1845 2132 acci
1871 2097 2101 2145 gere‚tot6que

1261 2146 1368 2182 studio
1377 2147 1440 2181 huc
1450 2146 1530 2181 eniti
1542 2159 1550 2180 :
1562 2146 1647 2181 al-iud
1656 2145 1867 2180 certaminum
1877 2148 2099 2184 immemores,

1264 2196 1379 2231 relifflm
1390 2194 1483 2230 hoste
1508 2217 1519 2234 ‚
1544 2191 1762 2243 negleffisque
1779 2193 1928 2239 periculis
1936 2194 2100 2229 acl-trium-

1264 2243 1363 2290 phum
1373 2251 1573 2290 praecurrere:
1582 2242 1910 2288 cuiusrexpeetandum
1920 2252 1987 2276 erat
1997 2252 2101 2276 matu-

1266 2304 1338 2327 rum
1347 2291 1579 2338 tempus.Adde
1588 2291 1677 2338 quod
1686 2290 1750 2326 baec
1760 2289 1947 2337 praepostera
1957 2290 2101 2324 celeritas

1265 2350 1298 2372 vt
1310 2339 1486 2385 pluriniim
1507 2340 1524 2374 ὲ
1540 2339 1712 2376 vocatione
1728 2337 1779 2373 sua
1797 2337 1949 2372 homines
1961 2338 2102 2374 abducit.

1266 2386 1554 2431 Qemadmodum
1567 2387 1654 2423 enirn
1667 2398 1701 2422 vt
1710 2385 1842 2434 quisquc
1859 2386 1894 2420 in
1909 2385 1998 2421 bello
2009 2387 2102 2433 igna-

1266 2433 1408 2468 uiffimus
1416 2434 1480 2473 est,
1491 2435 1635 2480 cupidius
1643 2435 1681 2468 ad
1690 2430 1825 2481 praedarn
1835 2434 1962 2469 aduolat
1983 2448 1991 2468 ε
2018 2434 2057 2469 fic
2068 2434 2102 2467 in

1265 2493 1368 2529 regno
1391 2481 1512 2517 Christi
1531 2483 1609 2516 nulli
1628 2484 1800 2529 primatum
1827 2482 1929 2529 magis
1952 2492 2104 2529 appetunt

1267 2530 1363 2576 quam
1383 2531 1437 2576 qui
1456 2527 1689 2578 subterfugiunt
1703 2543 1836 2565 omnem
1862 2531 1982 2565 laboris
2000 2531 2104 2565 mole-

1268 2577 1370 2612 stiam.
1390 2579 1513 2614 Merito
1524 2581 1629 2626 itaque
1640 2577 1785 2613 Christus
1794 2579 1879 2613 inani
1891 2580 1994 2628 gloria
2004 2580 2106 2614 elatos

1269 2627 1302 2660 in
1313 2626 1613 2662 stationecontinet.
1651 2629 1780 2662 Summa
1795 2638 1900 2662 autem
1921 2627 1966 2662 est
1980 2626 2104 2662 nemini

1269 2679 1408 2721 paratam
1419 2673 1480 2710 effe
1490 2687 1643 2710 coronam
1662 2675 1720 2709 nisi
1730 2675 1786 2724 qui
1802 2675 1947 2722 legitime
1964 2686 2105 2710 certaue-

1271 2723 1330 2756 rit:
1349 2735 1383 2756 ac
1407 2723 1562 2769 praecipue
1578 2724 1742 2763 neminem
1754 2724 1823 2758 vitae
1834 2727 1866 2759 &
1884 2724 1975 2771 regni
1986 2722 2104 2759 Christi

1271 2769 1342 2805 fore
1357 2771 1537 2806 consortem
1547 2795 1557 2810 ,
1568 2771 1626 2806 nisi
1636 2773 1689 2818 qui
1699 2769 1878 2818 paffionum
1891 2777 1922 2807 δε
1934 2773 2045 2807 mortis
2054 2770 2105 2805 so-

1272 2819 1339 2854 cius
1348 2820 1420 2854 ante
1430 2817 1576 2855 fuerit.1n
1588 2821 1720 2855 nomine
1733 2819 1884 2866 Baptismi
1895 2843 1905 2860 ‚
1916 2820 1996 2854 ratio
2005 2819 2105 2854 meta-

1272 2865 1380 2913 phorae
1390 2868 1461 2913 apte
1471 2868 1602 2903 constat.
1619 2866 1732 2903 scimus
1745 2869 1834 2907 enim
1843 2867 2003 2916 Baptismo
2011 2867 2050 2901 ad
2061 2866 2107 2901 sui

1274 2914 1576 2961 abnegationem‚ad
1589 2928 1730 2951 veterem
1741 2915 1910 2951 hominem
1920 2914 2106 2960 crucifigen-

1274 2963 1350 2997 dum
1361 2985 1371 3002 ‚
1382 2964 1521 3011 denique
1530 2966 1566 2999 ad
1577 2967 1678 2999 crucis
1687 2965 1885 2999 tolerantiam
1895 2961 2014 2996 initiari
2027 2963 2107 2998 fide—

1273 3011 1370 3045 les-In
1381 3023 1461 3047 voce
1470 3013 1591 3047 Calicis
1601 3014 1734 3047 dubium
1745 3011 1790 3047 est
1801 3011 1840 3046 an
1850 3011 1887 3045 ad
1896 3009 1986 3045 sacrae
1994 3012 2106 3047 Coenae

1276 3058 1459 3105 mysterium
1470 3060 1605 3095 alluserit
1618 3060 1791 3098 Dominus,
1803 3058 1855 3093 sed
1867 3059 1939 3105 quia
1957 3060 2106 3095 nondum

1276 3111 1308 3140 in
1322 3106 1372 3141 vsu
1384 3119 1457 3143 tunc
1469 3121 1534 3143 erat
1557 3132 1567 3148 ‚
1594 3108 1765 3155 simplicius
1783 3106 1925 3154 accipere
1943 3108 2030 3141 malo
2046 3119 2106 3154 pro

1277 3154 1418 3190 mensura
1437 3156 1650 3191 affliffionum
1675 3179 1685 3194 ,
1713 3168 1806 3202 quam
1817 3157 1908 3201 Deus
1926 3154 2040 3202 cuique
2051 3157 2108 3189 de-

1277 3201 1361 3238 finit.
1397 3206 1483 3240 Nam
1495 3206 1568 3252 quia
1577 3206 1644 3238 eius
1653 3204 1698 3238 est
1716 3215 1774 3249 pro
1787 3200 1841 3236 suo
1851 3201 1984 3236 arbitrio
2002 3203 2108 3251 singu·

1277 3251 1317 3285 lis
1327 3251 1493 3297 imponere
1508 3253 1594 3288 suum
1606 3265 1707 3290 onus,
1726 3250 1996 3297 quemadmodum
2008 3264 2109 3297 parer-

1277 3296 1410 3334 familias
1428 3302 1595 3346 portiones
1607 3301 1690 3334 inter
1705 3297 1776 3332 suos
1793 3297 1951 3332 distribuit
1968 3312 2000 3334 ac
2011 3301 2108 3346 parti-

1279 3348 1420 3386 tui-‚ideo
1431 3349 1546 3382 dicitur
1556 3349 1684 3382 calicem
1695 3347 1767 3380 dare
1777 3346 1966 3382 bibendam.
2004 3351 2108 3382 Caete-

1279 3395 1349 3429 rum
1360 3395 1409 3430 liis
1418 3396 1523 3430 verbis
1533 3409 1599 3430 non
1609 3395 1746 3442 vulgaris
1755 3393 1857 3429 subest
1876 3396 2053 3430 consolatio
2071 3396 2109 3430 ad
2157 3432 2160 3434 ,

1279 3444 1458 3478 leniendam
1469 3445 1570 3478 crucis
1581 3444 1782 3478 acerbitatem
1795 3469 1802 3481 .
1820 3444 1894 3478 dum
1907 3447 1938 3478 in
1958 3457 1992 3478 ea
2010 3444 2109 3479 Chri-

1280 3490 1341 3526 stus
1349 3490 1379 3526 se
1389 3490 1484 3526 nobis
1495 3491 1745 3540 adiungit.Qid
1760 3491 1846 3527 enim
1857 3492 1958 3539 magis
1966 3491 2108 3546 optabile

2014 3549 2108 3586 quarn
