2310 3841
844 174 881 220 C
900 180 937 219 A
956 166 984 219 1³
1004 172 1041 220 v
1060 173 1099 219 T
1128 173 1179 219 *v
1203 169 1253 219 it.
1845 194 1857 227 r

158 255 174 302 ς
222 252 268 289 Et
276 263 346 290 non
355 239 454 289 dedii
462 238 511 286 illi
523 240 755 297 hereditatem
763 247 801 285 in
811 256 863 291 ea,
875 261 918 285 ne
928 250 1114 302 vestigium
1126 245 1265 300 quidem
1267 238 1365 303 ped&
1377 254 1388 283 .’·
1401 243 1441 291 (ᾖν
1449 246 1601 299 p'romt'fit
1617 238 1667 286 idi
1676 250 1785 300 eamse
1793 252 1855 290 dri-

113 312 169 346 'tm
177 322 234 345 um
243 309 282 345 in
288 305 523 361 p'offissr‘onem,
535 303 703 354 &fimim'
712 307 782 341 eius
789 304 862 359 post
871 316 947 340 eum
957 333 966 348 ,
977 316 1080 356 quum
1089 304 1139 340 illi
1149 315 1220 340 non
1231 302 1413 354 effletfilius.

156 369 180 401 6
221 371 398 415 Loquutus
409 359 455 411 est
462 371 577 397 autem
585 369 675 398 Deus
687 363 725 398 in
735 358 825 398 hunc
833 353 984 399 modum:
995 363 1071 399 Erit
1071 357 1188 410 semen
1198 352 1292 395 talem
1305 359 1515 412 inquilinum
1524 359 1562 395 in
1572 368 1662 397 terra
1671 361 1782 400 aliena
1791 386 1802 405 ,
1813 362 1853 408 ὠ·

108 417 273 470 seruituti
285 417 372 456 illud
367 415 559 469 fhbiiciem:
572 415 611 460 ά
622 414 710 454 mal&
720 417 917 454 traffabum
927 417 1027 454 annis
1036 415 1303 468 quadringente.
1827 460 1831 465 Ι

153 485 180 523 7
232 481 278 526 Er
281 485 421 530 gentem
435 471 692 523 cuiftrm'erint,
703 486 761 526 ego
774 470 926 510 iudicabo
940 500 951 516 ,
969 473 1064 511 dixit
1077 479 1178 510 Deus.
1211 476 1256 507 Et
1271 472 1386 526 ppfr‘ea
1403 467 1547 507 exibunt
1557 492 1568 513 ,-
1586 478 1625 513 (y
1636 471 1744 509 colem
1751 484 1805 510 me
1815 476 1853 511 in

110 527 174 568 hoc
187 530 219 568 lo
224 545 270 569 co.
886 567 890 571 .

154 587 175 623 8
219 594 263 625 Et
273 585 370 624 dedit
381 585 430 622 illi
432 582 546 637 faedus
557 583 828 637 Circumtfionis:
845 595 947 637 atque
957 586 1004 621 ita
1008 585 1131 638 genuit
1141 584 1227 634 Isaac
1235 610 1249 628 ,
1258 580 1298 628 ὠ
1309 584 1513 623 circumcffdit
1523 597 1599 622 eum
1609 577 1664 621 die
1675 584 1749 619 om
1762 587 1850 630 .o‚Et'

110 642 197 695 {fimf
202 646 328 699 genuit
337 639 430 680 Iacob
441 667 452 684 ‚
463 642 501 687 (7¹-
514 639 608 679 Iacob
621 641 792 679 duodecim
803 639 1026 680 Patrtarchas.

141 751 156 777 5
186 740 255 771 Tria
264 737 313 771 h'ic
324 738 506 773 obseruanda
516 736 588 772 sunt:
599 738 679 781 qubd
689 736 771 771 Deus
781 739 853 773 serui
866 738 903 771 sui
914 738 1085 781 patientiam
1097 740 1270 775 exercuerit,
1280 740 1347 782 quia
1358 732 1496 772 edanum
1507 741 1540 771 eit
1550 738 1651 782 patria,
1659 746 1797 781 tanquam
1808 737 1851 770 in³

111 785 258 826 quilinum
268 786 298 816 in
309 795 385 817 terra
395 786 534 816 Chanaan
545 784 689 816 habuerit.
712 786 872 828 Vestigium
886 795 965 814 enim
976 784 1059 823 pedis
1069 793 1128 813 non
1141 781 1267 823 possedit
1276 785 1423 816 Abraham
1436 805 1444 818 ‚
1457 784 1507 816 nisi
1527 785 1607 825 quod
1618 783 1669 814 sibi
1687 786 1757 815 erni:
1768 784 1798 814 in
1810 783 1851 814 sea

108 828 279 870 pulchrum.
304 829 356 860 Illa
365 839 463 861 autem
474 839 533 859 non
544 828 675 860 censetur
686 829 821 870 possessio
833 850 842 864 ,
860 839 922 869 quae
939 828 975 858 ad
995 826 1139 868 praesentis
1151 827 1217 857 vitae
1231 827 1295 860 vsus
1305 840 1364 861 non
1374 829 1491 870 spec’tat.
1514 829 1633 860 Deinde
1651 838 1740 870 quum
1751 828 1850 870 pretio

110 883 232 915 emptus
241 872 330 906 fuerit
339 884 408 916 ager
418 873 467 905 ille
477 894 487 908 ,
497 872 603 903 meriib
613 882 700 913 negat
711 874 887 914 Stephanus,
896 873 1054 914 quicquam
1065 871 1080 901 a
1089 871 1224 908 Domino
1234 870 1317 904 fuisse
1328 874 1453 904 Abrahae
1464 874 1572 905 datum.
1595 877 1699 914 Neque
1709 873 1787 905 onim
1797 880 1849 914 pe*

110 919 199 949 cunia
209 918 255 948 vel
266 918 324 948 alio
333 919 463 949 humano
473 917 564 948 modo
573 917 682 958 acquiri
693 917 829 957 oportuit
841 938 849 951 ‚
865 916 946 957 quod
957 916 1104 946 Abraham
1117 924 1150 945 ex
1166 916 1356 955 promissione
1375 917 1513 958 sperabat.
1535 917 1673 949 Secundo
1683 916 1848 948 notandum

109 962 153 994 est
162 983 171 998 ,
182 961 262 1004 qubd
272 964 353 993 Deus
369 972 430 993 rem
441 962 529 1002 ipsam
542 961 665 991 Abrahae
674 962 807 992 nondum
819 960 976 991 ostendens
987 980 995 993 ‚
1004 961 1099 990 verbo
1108 970 1207 990 tamen
1218 959 1269 991 suo
1279 972 1345 991 eum
1356 960 1496 992 sustinuit.
1518 967 1612 1002 Atque
1622 962 1680 992 haec
1691 960 1849 992 nostrafula

110 1015 174 1038 tura
183 1007 234 1040 est,
244 1016 340 1047 quum
349 1007 433 1036 Deus
445 1003 534 1036 nobis
541 1004 701 1047 repositum
713 1003 769 1036 effe
779 1006 940 1046 promittis
951 1004 1031 1046 quod
1041 1004 1172 1034 nondum
1186 1012 1330 1036 tenemus.
1357 1006 1433 1047 Ergo
1444 1014 1535 1047 quum
1547 1016 1593 1036 res
1603 1027 1611 1040 ,
1629 1006 1686 1036 hoc
1697 1006 1736 1037 est
1750 1027 1759 1040 ,
1769 1008 1850 1037 terrai

110 1048 256 1091 possess‘m,
265 1049 420 1085 deficeret,
429 1049 577 1081 Abraham
590 1051 646 1080 Dei
657 1050 878 1091 promissionem
889 1048 1002 1088 subsidij
1012 1048 1080 1079 loco
1091 1048 1205 1078 habuit:
1216 1051 1247 1080 δε
1258 1060 1290 1080 ea
1302 1048 1357 1080 sola
1369 1060 1538 1086 contentus,
1551 1050 1623 1081 nihil
1634 1057 1731 1091 praeter
1740 1058 1850 1091 vagum

111 1097 144 1126 δε
153 1095 286 1126 instabile
295 1093 455 1134 hospitium
464 1095 494 1124 in
505 1104 582 1126 terra
592 1095 731 1125 Chanaan
741 1095 880 1135 appetiit.
903 1097 1005 1134 Qum
1018 1092 1222 1132 {wayysmeeas
1241 1093 1408 1134 simpliciter
1421 1095 1597 1126 Promittere
1614 1093 1777 1135 significet,
1789 1105 1852 1125 non

111 1141 211 1180 putaui
223 1136 279 1170 esse
288 1137 399 1170 causam
413 1160 421 1173 ‚
432 1150 482 1170 cur
493 1135 540 1170 hic
551 1141 649 1169 Deum
658 1137 851 1179 repromisisse
862 1148 1008 1170 verterem
1018 1148 1085 1167 cum
1098 1139 1223 1168 Eralmo.
1235 1141 1311 1169 Nam
1321 1137 1501 1170 adiiersatiue
1510 1138 1772 1180 resoluo,q·uamui·s
1783 1148 1851 1179 pro-

111 1182 245 1218 miserat,
258 1193 287 1214 vt
296 1183 419 1225 oblique
437 1184 675 1224 noteturspecies
692 1182 894 1214 frustrationis.
918 1181 978 1213 Nisi
988 1179 1066 1212 forte
1082 1180 1117 1212 ad
1137 1182 1341 1222 promissiones
1359 1182 1456 1224 saepius
1473 1184 1610 1224 repetitas
1625 1183 1851 1214 accommodare

109 1226 204 1258 libeat
214 1227 295 1269 quod
306 1228 433 1258 liberum
443 1227 590 1270 relinquo.
602 1224 707 1258 Tertib
719 1228 881 1259 notandum
893 1227 944 1263 est,
953 1225 1095 1258 eiusmodi
1107 1223 1190 1256 fuisse
1201 1228 1421 1267 promissionem
1441 1238 1502 1268 quae
1511 1228 1582 1259 nihil
1592 1237 1639 1258 aut
1649 1233 1751 1267 parurn
1763 1227 1779 1257 a
1789 1238 1850 1257 me-

110 1281 146 1302 ro
159 1272 292 1302 ludibrio
305 1269 443 1302 differret.
465 1271 599 1303 Promisit
610 1274 690 1302 Deus
700 1273 821 1303 Abrahae
833 1271 934 1301 semini
951 1282 1067 1304 terram,
1081 1280 1170 1310 quum
1184 1270 1241 1310 ipse
1258 1272 1465 1313 octogenarius
1481 1270 1550 1304 esset
1566 1293 1575 1307 ,
1594 1281 1714 1302 vxorem
1724 1271 1849 1303 haberet

110 1314 236 1346 sterilem
247 1335 256 1350 ‚
269 1326 323 1346 nec
333 1318 393 1355 spes
403 1315 473 1347 esset
485 1316 537 1348 vlla
550 1317 734 1356 procreandae
744 1315 987 1346 sobolis-Videtur
998 1315 1055 1346 hoc
1066 1313 1121 1345 effe
1134 1314 1281 1356 plusquam
1292 1312 1474 1347 friuolfiqur
1485 1328 1543 1346 non
1553 1318 1632 1347 enim
1646 1308 1743 1355 potius
1753 1315 1851 1347 semen

108 1359 152 1389 illi
164 1359 190 1390 se
200 1359 334 1390 daturum
346 1361 492 1400 promittit
502 1365 511 1390 t·
521 1361 567 1390 sed
579 1361 635 1390 hoc
644 1361 754 1402 insigne
764 1359 820 1391 fuit
831 1362 1065 1401 experimentum
1076 1359 1143 1390 fidei
1155 1381 1162 1392 ,
1175 1359 1256 1400 qubd
1275 1361 1421 1391 Abraham
1436 1368 1495 1391 non
1505 1361 1664 1402 disquirens
1674 1369 1726 1391 nec
1738 1359 1854 1391 curiose

110 1403 285 1444 disceptans,
296 1405 411 1445 placide
422 1408 450 1436 δι
462 1405 638 1436 obedienter
648 1408 796 1446 amplexus
806 1405 844 1435 est
856 1405 936 1446 quod
947 1414 980 1435 ex
989 1405 1046 1434 Dei
1057 1415 1106 1433 ore
1117 1403 1478 1435 audieratMeminerimus
1490 1416 1559 1447 ergo
1571 1406 1635 1436 Dei:
1642 1416 1667 1434 m
1678 1406 1717 1436 ita
1727 1403 1798 1444 serui
1810 1404 1850 1436 sui

110 1449 242 1479 animum
256 1450 348 1479 verbo
357 1460 469 1490 erigere
481 1452 511 1480 ἂ
523 1449 649 1484 solari,vt
661 1460 720 1480 non
731 1447 822 1480 tanim
831 1453 872 1480 rei
883 1449 1097 1480 exhibitionem
1108 1445 1382 1490 differat,s‚ed.v1deri
1394 1450 1478 1490 possit
1490 1448 1854 1491 quodammodoilludere.

112 1494 362 1534 quemadmodum
373 1496 403 1524 &
415 1493 566 1524 nobiscum
577 1493 672 1534 aliqua
682 1504 715 1523 ex
723 1505 802 1534 parre
812 1495 880 1535 agit.
892 1497 967 1523 Nam
978 1503 1068 1534 quum
1078 1503 1131 1523 nns
1142 1492 1378 1524 mundihaeredes
1390 1505 1549 1535 nuncupet,
1559 1495 1666 1536 patitur
1678 1493 1746 1535 saepe
1757 1501 1810 1524 nos
1820 1504 1851 1524 e·
1865 1504 1972 1533 123444„

110 1547 181 1578 gere
193 1540 274 1568 tenui
293 1538 372 1567 victu
389 1540 419 1568 δι
438 1535 601 1568 necessariis
610 1533 806 1568 adminiculis.
829 1543 894 1568 Hoc
904 1547 1001 1568 autem
1012 1536 1147 1568 consulib
1156 1535 1225 1568 facit
1235 1559 1245 1573 ‚
1255 1548 1285 1570 vt
1294 1538 1387 1569 carnis
1396 1538 1496 1569 nostrae
1505 1539 1689 1581 prudentiam
1698 1538 1853 1572 exinaniat,
1953 1532 1959 1538 ⁶

110 1582 231 1622 quando
242 1592 302 1612 non
311 1583 394 1611 aliter
407 1580 509 1611 iustum
522 1581 616 1611 verbo
625 1591 687 1611 eius
705 1581 851 1612 honorem
862 1580 1032 1611 deferimus.
1375 1614 1377 1617 ξ

144 1625 241 1654 Ειυτ
269 1636 282 1653 s
297 1636 314 1655 r,
331 1636 351 1653 M
367 1636 383 1655 ε
399 1637 416 1654 Ν
443 1636 461 1655 τ
475 1636 493 1654 v
506 1637 522 1654 v
537 1635 558 1654 Μ
583 1635 598 1654 1²
613 1636 629 1655 E
643 1636 660 1654 R
671 1636 688 1655 ε
701 1637 720 1656 G
740 1636 778 1654 rit
793 1636 811 1654 n
823 1636 842 1655 v
853 1626 908 1664 n.)
931 1627 1064 1655 Reuocat
1082 1622 1249 1663 Stephanus
1267 1625 1368 1656 tudaeis
1379 1626 1406 1658 in
1423 1627 1598 1657 memoriam
1618 1625 1705 1668 quam
1715 1624 1851 1658 misera&

108 1668 250 1709 probrosa
259 1667 346 1699 fuerit
356 1671 476 1700 Parrum
489 1669 624 1700 conditio
635 1671 662 1698 in
674 1671 804 1709 AEgypto
813 1681 823 1699 .-
833 1671 864 1701 &
873 1668 1002 1701 ostendit
1019 1679 1078 1700 non
1088 1665 1171 1698 fuiffe
1180 1669 1256 1699 hanc
1275 1670 1430 1701 fortuitam
1447 1670 1617 1702 seruitutem
1629 1691 1638 1706 ,
1660 1681 1716 1711 qua
1727 1670 1853 1711 oppreffi

108 1711 174 1743 sunt
183 1724 190 1742 t
198 1714 265 1755 quia
276 1714 333 1744 Dei
345 1714 466 1745 oraculo
474 1713 639 1755 longeante
647 1709 781 1755 praedista
791 1712 888 1745 fuerit.
922 1713 1024 1745 Valere
1033 1722 1133 1745 autem
1146 1711 1276 1743 debebat
1287 1713 1347 1744 haec
1357 1714 1476 1746 historia
1484 1736 1494 1751 ,
1503 1715 1605 1757 partim
1616 1714 1651 1745 ad
1660 1713 1775 1745 feroces
1786 1714 1852 1744 illo-

110 1768 175 1787 rum
184 1756 298 1795 spiritus
308 1757 474 1787 domandos
486 1780 493 1792 ‚
505 1759 537 1788 82
549 1758 714 1789 docendam
732 1757 902 1789 modestiam
914 1779 924 1793 ‚
943 1759 1048 1798 partim
1068 1756 1105 1788 ad
1122 1757 1414 1789 commendationem
1431 1759 1535 1791 diuinae
1545 1760 1654 1801 gratiae:
1667 1757 1749 1800 qubd
1767 1760 1852 1789 Deus

111 1799 225 1841 semper
233 1803 330 1841 gentis
340 1800 417 1831 illius
428 1812 526 1832 curam
539 1802 690 1833 habuerat.
710 1802 756 1832 Est
766 1802 844 1831 enim
856 1801 914 1831 hoc
934 1801 1077 1843 singulare
1093 1800 1272 1831 beneficium
1284 1804 1299 1835 ,’
1313 1801 1393 1842 qubd
1411 1803 1538 1844 populiis
1555 1803 1729 1836 mirabiliter
1747 1801 1824 1844 quasi
1836 1802 1853 1833 i

112 1854 212 1874 morte
222 1844 250 1873 in
264 1845 352 1875 vitam
364 1845 530 1876 restituitur.
563 1848 678 1876 Interea
687 1845 924 1876 commonefiunt
932 1845 1031 1879 ludaei,
1042 1841 1123 1874 fuisse
1133 1845 1192 1874 Dei
1204 1843 1359 1875 Ecclesiam
1369 1846 1438 1875 alibi
1453 1846 1540 1887 quam
1550 1848 1578 1876 iri
1589 1856 1666 1878 terra
1675 1847 1721 1881 ,in
1734 1857 1790 1887 qua
1799 1850 1850 1877 de-
1879 1845 1882 1851 '

112 1889 241 1931 gebarin:
255 1886 337 1919 fuisse
357 1889 466 1920 electos
476 1892 577 1919 Patres
589 1890 617 1919 in
629 1890 772 1930 populum
791 1889 966 1930 peculiarem
977 1910 987 1923 ‚
1001 1886 1090 1920 &sub
1102 1886 1158 1917 fide
1169 1883 1318 1931 tutelaque
1327 1889 1386 1918 Dei
1403 1890 1554 1929 protectos
1565 1909 1573 1923 ²
1585 1896 1741 1930 antequam
1760 1888 1849 1920 staret

112 1932 257 1975 templum
268 1944 274 1962 :
285 1931 333 1963 vel
342 1932 468 1963 instituti
482 1931 574 1963 essent
585 1934 696 1964 externi
707 1933 790 1975 Legis
800 1934 880 1965 ritus.
912 1936 979 1964 Haec
989 1932 1025 1963 ad
1037 1931 1204 1974 generalem
1216 1932 1371 1962 concionis
1379 1930 1498 1974 scopum
1507 1933 1665 1974 pertinent.
1687 1931 1844 1967 Cmerdm,

111 1976 216 2019 colligi
227 1977 297 2007 hinc
307 1976 402 2018 potest
414 1977 491 2007 vtilis
498 1976 674 2008 admonitio.
698 1979 778 2007 Dura
790 1977 829 2008 est
839 1988 889 2016 per
905 1976 932 2008 se
943 1980 974 2009 &
983 1977 1087 2007 acerba
1098 1974 1219 2006 seruitus
1230 1975 1297 2006 :vbi
1314 1986 1413 2007 autem
1430 1977 1544 2009 accedit
1557 1977 1747 2007 dominorum
1768 1975 1847 2007 saeui-¹

112 2022 155 2053 tia
167 2041 176 2055 ,
187 2021 309 2053 minime
321 2021 437 2052 videtur
447 2020 621 2052 tolerabilis.
656 2022 776 2059 Qare,
786 2022 914 2063 grauiter
931 2022 1061 2052 animum
1070 2021 1109 2064 pij
1120 2019 1176 2050 viri
1186 2019 1331 2051 vulnerari
1350 2022 1502 2062 oportuit,
1522 2031 1612 2062 quum
1630 2020 1744 2051 audiret
1753 2029 1847 2062 genus

110 2065 194 2098 suum
205 2065 317 2096 seruum
328 2063 390 2096 fore
401 2087 410 2100 ‚
421 2067 453 2096 δε
472 2065 594 2107 indigne
604 2076 637 2096 ac
647 2065 966 2097 crudelitertmstatum
977 2065 1024 2096 iri.
1067 2063 1153 2095 Adde
1170 2062 1252 2105 quod
1266 2074 1325 2094 non
1336 2063 1412 2096 leuis
1424 2074 1483 2096 erat
1498 2064 1548 2095 ista
1564 2065 1700 2095 tentatio:
1712 2064 1846 2106 quando-

111 2109 285 2151 quidemres
302 2119 383 2140 erant
393 2109 422 2139 in
442 2108 567 2150 speciem
579 2111 730 2140 contrariae
739 2131 749 2145 ,
760 2110 909 2141 haereditas
919 2119 998 2140 terrae
1007 2107 1146 2140 chanaan
1158 2129 1168 2144 ,
1178 2118 1239 2149 quae
1249 2109 1305 2139 iarn
1315 2106 1449 2149 promissa
1461 2119 1520 2140 erat
1530 2128 1539 2143 ‚
1556 2111 1588 2141 δι
1598 2108 1718 2140 seruitus
1728 2110 1755 2139 in
1765 2118 1842 2140 terra

112 2148 218 2185 aliena.
253 2155 330 2193 Qis
339 2154 416 2184 enim
428 2164 487 2184 non
497 2153 620 2194 putasset
629 2156 726 2184 Deum
738 2153 813 2195 quasi
825 2155 928 2195 prioris
937 2153 1021 2185 verbi
1031 2151 1158 2183 oblitum
1168 2171 1177 2185 ‚
1188 2152 1360 2184 denuntiare
1371 2152 1492 2184 Abrahae
1504 2152 1634 2184 miseram
1647 2156 1763 2194 generis
1780 2152 1842 2184 eius

114 2196 310 2229 seruitutem?
340 2198 517 2241 Dicitinitib
529 2220 537 2234 ,
555 2197 581 2229 se
599 2198 733 2229 daturum
748 2197 848 2228 semini
858 2208 974 2229 terram.
999 2193 1092 2238 Atqui
1103 2195 1198 2226 semen
1208 2196 1302 2228 adhuc
1314 2196 1423 2228 nullum
1443 2198 1574 2229 extabat:
1587 2196 1648 2228 imb
1659 2196 1719 2238 spes
1731 2196 1841 2227 sobolis

114 2243 172 2273 iam
183 2242 294 2283 praecisa
303 2253 376 2274 erar.
407 2243 464 2274 Sed
473 2243 592 2283 quando
603 2242 629 2273 se
640 2241 757 2273 tandem
768 2241 902 2273 daturum
912 2241 1078 2282 promittit?
1098 2240 1166 2270 Post
1179 2251 1303 2271 mortem
1317 2242 1387 2272 eius.
1424 2240 1579 2272 Continub
1590 2240 1651 2282 post
1660 2240 1840 2276 subiicit‚ab—

114 2285 309 2318 dustum‘alib
322 2288 354 2317 iti
365 2287 461 2316 semen
473 2287 544 2317 illud
554 2308 563 2321 ,
576 2297 605 2317 vt
619 2286 723 2317 alienis
733 2285 846 2317 seruiat.
892 2289 925 2317 Et
942 2295 1084 2328 quantum
1102 2286 1264 2324 temporis?
1286 2287 1341 2316 Per
1359 2295 1453 2316 annos
1472 2286 1712 2328 quadringentos,
1730 2288 1839 2315 Annon

114 2330 174 2361 hoc
186 2331 275 2361 modo
285 2331 400 2362 videtur
411 2341 527 2361 manum
541 2331 686 2361 retrahere
695 2352 704 2365 ,
716 2341 752 2361 ne
763 2331 870 2370 praestet
880 2331 961 2371 quod
973 2328 1121 2371 promisit?
1144 2331 1210 2359 Hoc
1220 2339 1279 2358 non
1296 2328 1381 2359 semel
1394 2329 1530 2361 duntaxat
1547 2329 1666 2360 sciamus
1681 2328 1788 2360 ficium
1800 2327 1841 2359 esa

114 2373 208 2405 se2s1c
219 2376 298 2405 enim
311 2374 379 2415 saepe
390 2374 541 2405 nobiscum
553 2376 611 2416 agit
621 2377 702 2404 Deus
716 2396 724 2408 ,
734 2384 764 2405 vt
775 2373 870 2406 secum
882 2375 1014 2405 videatur
1026 2383 1173 2414 pugnare:
1186 2371 1223 2402 sic
1242 2374 1330 2403 etiam
1341 2373 1488 2414 loquitur,
1503 2385 1532 2405 vt
1545 2374 1637 2405 videri
1657 2373 1740 2416 possit
1751 2384 1840 2404 retra-2

115 2418 193 2450 stare
206 2419 287 2460 quod
304 2418 482 2460 promiserat.
517 2420 590 2450 Fier¹i
603 2428 675 2460 ergo
685 2428 744 2450 non
765 2418 860 2458 potest
871 2420 1017 2459 quimeurn
1031 2417 1082 2447 fibi
1095 2417 1272 2447 contrarium
1293 2418 1402 2448 iudicet
1418 2429 1483 2449 caro
1495 2430 1501 2448 ε
1513 2417 1558 2449 sed
1568 2418 1639 2448 fides
1649 2418 1761 2457 optime
1771 2427 1838 2447 con-

114 2474 219 2505 gruere
231 2464 304 2494 inter
323 2462 348 2494 se
357 2464 415 2494 Dei
426 2462 516 2495 verba
525 2484 534 2498 ‚
545 2465 575 2494 &
585 2474 652 2494 cum
663 2457 956 2503 operibusagnoscirss
986 2466 1085 2503 Atque
1094 2460 1216 2491 hocDei
1229 2460 1381 2492 consilium
1392 2462 1431 2492 est
1449 2483 1458 2497 ,
1475 2472 1506 2494 vt
1517 2463 1584 2493 fidei
1595 2462 1693 2492 nostrae
1702 2462 1839 2492 intuitum

113 2507 233 2549 longius
248 2508 386 2538 erendat
397 2530 405 2542 ,
416 2507 618 2549 promissiones
627 2505 687 2537 suas
698 2529 705 2542 ‚
714 2506 792 2548 quasi
807 2506 983 2547 interposito
992 2506 1084 2546 longo
1094 2503 1184 2546 spatio
1193 2524 1201 2538 ‚
1213 2505 1316 2544 procul
1326 2504 1490 2537 ostendere.
1524 2507 1658 2537 Nostrum
1671 2515 1742 2546 ergo
1754 2503 1840 2534 estad

112 2550 234 2582 salutern
247 2553 335 2582 nobis
344 2551 538 2593 propositam,
549 2562 600 2592 per
615 2553 786 2582 innumeros
795 2549 940 2581 anfractus
951 2573 960 2587 ,
979 2561 1029 2591 per
1038 2550 1116 2580 varia
1133 2549 1280 2580 obstacula
1291 2569 1299 2583 ‚
1316 2561 1366 2590 per
1384 2550 1503 2591 longam
1518 2550 1679 2580 distantiam
1692 2569 1700 2582 ‚
1718 2559 1766 2588 per
1779 2558 1840 2576 me-

113 2595 178 2626 dias
189 2595 313 2636 abyssis.
326 2607 377 2635 per
386 2606 512 2627 mortem
523 2596 651 2637 denique
662 2594 748 2634 ipsam
759 2594 881 2626 tendere
894 2598 925 2627 δε
934 2595 1015 2626 eniti.
1041 2596 1194 2627 Praeterea,
1203 2603 1293 2633 quum
1304 2595 1436 2624 videmus
1447 2594 1588 2634 populum
1600 2593 1613 2624 ii
1626 2596 1690 2623 Deo
1701 2591 1836 2621 seleftuni

113 2638 228 2671 seruisse
239 2641 394 2682 AEgyptiis‚
404 2640 643 2672 &inhumaniter
653 2638 789 2669 afflictum
801 2636 882 2670 fuisse
893 2661 903 2675 ,
914 2650 968 2669 nos
975 2638 1068 2679 frangi
1078 2637 1185 2668 animis
1202 2647 1260 2666 non
1272 2646 1391 2677 oportet
1400 2656 1414 2673 ³.
1426 2636 1445 2666 st
1456 2637 1557 2667 eadem
1575 2638 1663 2667 hodie
1675 2646 1727 2666 nos
1737 2645 1835 2666 manet

113 2684 262 2716 conditio.
285 2688 388 2726 Neque
402 2686 481 2715 enim
494 2695 605 2716 nouum
617 2683 656 2714 est
666 2684 712 2715 vel
722 2682 871 2714 insolitum
881 2705 891 2720 ‚
901 2682 1055 2715 Ecclesiam
1065 2681 1122 2712 Dei
1131 2680 1181 2711 sub
1197 2680 1350 2719 tyrannide
1359 2678 1451 2712 iacere
1461 2680 1621 2722 oppressam
1634 2703 1641 2714 ,
1652 2684 1682 2712 δε
1693 2679 1767 2720 quasi
1778 2679 1835 2710 cal-

117 2728 176 2760 cari
187 2728 345 2763 impiorum
358 2730 495 2768 pedibus.

159 2783 174 2807 7
208 2774 236 2801 G
248 2781 262 2801 Ε
278 2783 295 2801 N
309 2784 325 2802 'r
339 2784 354 2802 ε
369 2782 390 2801 Μ
415 2783 434 2804 c
447 2783 463 2803 v
477 2783 488 2802 1
514 2782 527 2800 s
542 2783 558 2802 a
573 2784 590 2802 n
601 2784 619 2802 v
633 2783 644 2802 x
656 2783 672 2802 rt
688 2783 705 2801 R
717 2783 728 2802 1
744 2783 761 2801 n
775 2782 793 2801 τ
806 2771 827 2810 ,)
852 2770 1067 2801 Hociiidicium
1080 2779 1145 2800 cum
1157 2767 1335 2798 liberatione
1346 2768 1447 2809 populi
1459 2767 1648 2799 coniuneium
1660 2767 1707 2796 est.
1741 2767 1834 2807 de

115 2817 196 2848 enim
208 2817 409 2858 AEgyptiorum
420 2816 604 2855 tyrannidem
614 2814 789 2846 &saeuitiam
810 2816 892 2845 Deus
903 2814 1049 2847 vlciscitur
1061 2835 1069 2849 ‚
1080 2815 1108 2844 id
1119 2811 1185 2842 facit
1195 2812 1223 2841 in
1234 2813 1355 2852 gratiam
1374 2813 1494 2852 populi,
1511 2822 1597 2852 quem
1611 2812 1639 2840 in
1658 2811 1745 2842 fidem
1758 2813 1835 2842 suain

113 2859 281 2900 suscepit‚vt
292 2859 421 2891 Ecclesiae
432 2860 575 2891 liberator
584 2870 730 2901 appareat.
752 2860 891 2894 Proinde,
900 2860 1017 2900 quoties
1027 2857 1170 2888 iniusteab
1182 2855 1326 2897 improbis
1338 2853 1503 2898 affligimur,
1512 2855 1611 2886 veniat
1620 2856 1707 2886 nobis
1717 2857 1743 2886 in
1755 2867 1837 2887 men-

116 2913 178 2936 tem
188 2907 283 2935 Deum
295 2902 349 2934 esse
361 2905 486 2935 iudicem
498 2904 616 2938 mundi,
628 2905 677 2945 qui
690 2903 906 2934 nullasiniurias
916 2902 1021 2935 inultas
1031 2901 1116 2932 sinet:
1127 2911 1158 2930 ac
1167 2898 1204 2930 fic
1214 2910 1279 2929 cum
1298 2900 1397 2928 animo
1415 2899 1463 2928 suo
1475 2897 1594 2940 quisque
1603 2901 1834 2940 reputet‚Quum

115 2959 189 2987 ergo
200 2950 230 2978 in
240 2949 333 2980 tutela
342 2948 397 2978 Dei
411 2948 472 2983 sim,
482 2949 532 2990 qui
545 2948 632 2978 iudex
643 2948 683 2978 est
693 2949 806 2982 mundi,
815 2949 845 2979 δε
855 2948 938 2979 cuius
948 2947 1097 2988 proprium
1109 2945 1146 2974 est
1157 2945 1192 2973 de
1203 2943 1340 2973 omnibus
1351 2943 1466 2973 iniuriis
1478 2943 1634 2975 vindictam
1647 2943 1764 2975 sumere:
1775 2956 1835 2976 non

119 2986 262 3034 effugient
271 2993 333 3024 eius
344 3003 459 3024 manum
471 2994 520 3033 qui
533 3003 610 3023 nunc
621 2993 692 3022 mihi
705 2992 815 3023 molesti
825 2991 898 3022 sunt.
923 2992 1032 3022 Similis
1043 2990 1082 3020 est
1091 2990 1171 3018 lotus
1182 2987 1412 3028 Deuteronomij
1422 2987 1518 3024 32.vbi
1528 2989 1610 3018 Deus
1619 2987 1693 3019 suam
1705 2987 1760 3019 esse
1771 2989 1835 3019 vin·
1847 3015 1897 3036 Deo
1915 3012 1934 3042 3¹⁴

119 3035 227 3067 dictam
237 3038 413 3077 pronuntiat.
449 3036 533 3067 Vnde
544 3036 658 3077 colligit
673 3036 924 3076 l’aulus,dtin·dum
936 3035 992 3066 effe
1003 3035 1097 3064 locum
1111 3033 1165 3061 iiae:
1178 3042 1210 3061 ac
1220 3030 1238 3060 si
1249 3031 1378 3065 diceret,
1391 3032 1500 3062 debere
1518 3030 1575 3062 hoc
1585 3032 1620 3062 ad
1631 3033 1832 3075 corrigendam
1848 3046 1862 3068 f.
1874 3055 1904 3074 4,,
1927 3030 1944 3037 ””

116 3080 330 3119 impatientiam
342 3079 540 3113 &frenandos
549 3081 641 3112 malos
650 3079 769 3111 affefl'us
777 3080 884 3115 valere,
897 3079 976 3120 quod
987 3082 1066 3108 Deus
1075 3075 1221 3106 vindicem
1232 3071 1258 3105 se
1269 3074 1334 3105 fore
1351 3075 1508 3115 promittit.
1518 3086 1583 3106 nam
1595 3077 1643 3118 qui
1656 3075 1681 3108 se
1693 3076 1781 3119 ipsum
1791 3076 1832 3108 vl·
1847 3082 1913 3101 Rom.
1926 3078 1957 3103 1i⁶

118 3122 234 3154 ciscitur
246 3127 331 3159 ,Deo
341 3123 534 3167 praeripitsuas
544 3124 648 3166 agendi
658 3134 760 3163 partes.
788 3127 891 3165 Neque
902 3134 998 3154 tamen
1009 3119 1164 3151 intercidet
1182 3119 1261 3159 quod
1278 3118 1334 3148 dixi
1347 3140 1353 3152 ‚
1365 3119 1501 3160 peculiari
1515 3130 1581 3150 cura
1596 3122 1692 3153 Deum
1711 3124 1788 3162 tangi
1798 3120 1832 3150 :id
1846 3111 1905 3139 ⁸¹⁰⁹·

117 3164 308 3199 vindicandas
322 3168 438 3200 suorum
453 3170 592 3205 iniurias,
611 3179 640 3200 vt
652 3169 758 3210 legitur
773 3170 802 3199 in
812 3168 926 3199 P'salmo
942 3189 950 3203 ,
972 3170 1016 3197 Ne
1032 3165 1137 3195 laedatis
1152 3162 1284 3194 Christos
1296 3173 1398 3199 meos,
1414 3166 1444 3195 δι
1462 3174 1498 3195 ne
1514 3164 1670 3206 Prophetis
1687 3166 1760 3197 meis
1775 3164 1834 3195 sitis

122 3210 246 3242 molesti.

171 3257 193 3285 E
205 3267 242 3287 xi
256 3266 271 3285 B
284 3266 328 3286 vu
342 3268 359 3287 τ
381 3269 393 3288 1
408 3269 426 3287 Ν
441 3270 461 3290 1>
476 3270 493 3289 n
519 3270 535 3289 a
549 3269 566 3288 τ
594 3268 607 3284 2
625 3268 640 3287 rt
655 3269 672 3288 it
685 3267 702 3286 v
720 3266 730 3285 1
745 3267 760 3286 E
777 3267 795 3286 n
808 3269 825 3287 τ
849 3268 869 3288 M
884 3267 892 3286 i
905 3267 921 3287 n
934 3262 970 3292 i.)
981 3256 1058 3295 Ergo
1070 3250 1235 3291 redemptio
1248 3252 1468 3293 temporeprior
1478 3250 1532 3283 fuit
1543 3252 1628 3294 quam
1637 3250 1790 3291 Templum
1803 3253 1834 3283 &

123 3300 212 3341 Legis
223 3299 429 3332 cultus-‘Vnde
448 3302 575 3343 sequitur
587 3320 595 3333 ‚
612 3302 668 3331 Dei
679 3311 799 3342 gratiam
813 3311 871 3331 non
883 3298 964 3330 fnisse
974 3296 1147 3327 ceremoniis
1165 3294 1319 3336 alligatam.
1335 3299 1445 3326 Interea
1459 3295 1546 3327 finem
1557 3296 1738 3327 liberationis
1758 3305 1838 3326 notat

118 3342 295 3383 Stephanus,
306 3343 384 3384 qubd
395 3347 476 3376 Deus
489 3349 518 3378 δε
529 3346 671 3386 populum
682 3345 820 3375 &locum
832 3343 1006 3386 peculiarem
1017 3340 1157 3376 delegerit
1165 3339 1199 3369 ad
1209 3350 1312 3379 purum
1325 3341 1452 3370 nominis
1462 3339 1500 3370 sui
1512 3338 1716 3371 cultum.Vnde
1729 3338 1837 3370 rursum

118 3387 487 3428 colligimussspestmdum
500 3400 533 3420 ac
542 3388 735 3429 reputandum
747 3387 888 3430 esse,quid
900 3395 991 3427 exigat
1003 3382 1058 3424 ipse
1068 3394 1100 3414 ac
1109 3383 1224 3423 probet.
1236 3383 1305 3413 Alite
1316 3394 1433 3424 quoque
1445 3395 1552 3426 gentes
1561 3386 1656 3413 Deum
1666 3383 1762 3413 colere
1771 3384 1799 3421 in
1810 3395 1839 3415 a·

119 3439 146 3462 n}
154 3443 202 3461 mo
215 3431 374 3465 habebant,
385 3430 431 3461 sed
441 3433 507 3473 quia
518 3434 628 3474 vbiqiie
639 3433 799 3469 degeneres
808 3442 889 3463 erant
898 3441 930 3461 ac
939 3427 1064 3467 corrupti
1076 3427 1271 3461 ritus,1udaeos
1281 3428 1317 3457 ab
1328 3428 1390 3458 aliis
1400 3430 1481 3459 Deus
1492 3426 1663 3468 segre-gin&
1673 3427 1770 3457 locum
1781 3429 1837 3458 illie

119 3475 304 3518 aflignat,vbi
319 3474 428 3506 sincere
438 3478 468 3506 ὃ(
479 3477 532 3508 rite
541 3479 661 3508 colatur.
677 3468 822 3507 Caietam
834 3498 843 3511 ,
853 3476 901 3506 hic
911 3475 992 3504 locus
1006 3482 1059 3501 nos
1069 3471 1208 3503 admonet
1219 3470 1367 3502 referenda
1377 3473 1404 3500 in
1416 3482 1481 3501 euin
1491 3469 1578 3500 finem
1590 3469 1644 3501 esse
1661 3472 1716 3501 Dei
1728 3471 1839 3503 benefi-

118 3521 208 3555 cia‚vt
216 3519 242 3551 se
250 3520 292 3551 illi
301 3529 382 3551 toros
391 3520 507 3552 addicit
515 3521 750 3553 homines-Nunc
759 3529 794 3551 ex
806 3529 864 3561 quo
872 3517 968 3561 gratiae
977 3515 1027 3547 sua:
1037 3514 1184 3548 thesauros
1193 3518 1273 3547 Deus
1283 3526 1333 3558 per
1349 3518 1414 3548 toti‘i
1425 3515 1527 3589 olribe'm
1538 3513 1663 3557 dispersit
1675 3515 1740 3558 dage
1749 3516 1837 3556 operi

1495 3568 1514 3602 ¹1
