2310 3841
831 114 1085 162 cArvr
1131 115 1272 162 vni,
1808 158 1855 202 ,ῃ

147 195 207 224 leam
217 184 245 223 se
257 189 345 234 quarn
357 188 430 220 alios
438 179 525 218 filla't.
550 180 686 218 Ambitio
697 187 776 219 enim
788 198 850 230 quie
862 189 981 221 occulta
991 199 1061 224 erat,
1075 200 1153 222 nunc
1164 189 1190 221 se
1199 188 1323 232 profert,
1546 217 1551 224 ,
1672 218 1696 226 ..
1738 218 1756 228 .-

145 237 204 269 iam
215 247 304 268 vnum
316 235 419 266 vitium
431 232 479 263 est:
490 229 614 262 alterum
626 232 696 263 verb
709 255 716 267 ,
726 234 808 275 qubd
818 235 938 276 gratiam
950 235 1007 265 Dei
1017 236 1152 266 venalem
1170 229 1372 271 existimans?
1382 217 1410 251 se
1420 211 1568 259 ᾸΡΟῘὶθ1η
1575 227 1679 261 ²q¹¹²¹⁵
1689 221 1849 270 C⁰P¹²1H0C

145 291 187 312 te.
221 280 305 311 Vnde
315 287 444 321 apparet,
454 273 609 318 profanum
622 276 678 306 esse
689 278 855 314 hominem,
867 279 918 320 qui
930 279 1064 310 nondum
1075 290 1148 310 verae
1157 282 1275 322 pietatis
1285 265 1477 312 rudim15⁶²m
1495 262 1534 313 ²⁶¹.
1545 264 1680 306 mustum
1693 265 1849 317 Pfostnuf'?

143 325 202 355 Dei
214 324 309 356 studio
319 325 464 365 tangitur:
475 319 538 351 imb
548 342 556 355 ‚
577 332 636 350 non
647 322 758 362 cogitat
769 323 840 364 quid
851 322 882 353 sit
894 321 950 354 ess:
965 325 1022 354 Dei
1042 324 1215 355 ministrum.
1261 307 1558 365 Quemadsigssfflflfl
1570 309 1650 341 ”⁰¹¹⁰
1660 320 1738 342 emm
1749 308 1847 352 §¹⁰¹¹ae

141 366 191 400 sua
203 371 298 412 magia
308 367 416 400 fecerat
428 366 482 397 :ita
493 385 503 400 ‚
514 364 702 405 quaestuosum
722 365 773 396 fibi
787 368 901 408 putauit
912 366 977 398 fore
987 390 995 403 ‚
1015 367 1034 397 fi
1046 370 1153 410 gratias
1170 369 1294 411 Spiritus
1311 363 1495 399 conserrel'.m
1515 352 1650 405 quaest‘fffl
1662 351 1802 404 h³Qe⁰u⁵
1812 365 1848 387 ex

143 413 214 454 quin
226 421 299 454 opes
309 415 338 445 &
349 411 472 455 gloriam
484 420 582 440 msam
596 409 708 441 mundo
717 413 889 452 capt-merit:
899 410 981 442 simul
993 423 1112 455 grauem
1122 410 1190 444 Deo
1202 413 1272 444 facit
1282 415 1417 445 iniuriam
1433 434 1442 448 ‚
1454 407 1552 453 q-figue
1570 409 1649 430 emm
1659 397 1786 450 dnbfflm,
1795 400 1848 437 ests

139 468 204 489 tem
215 458 286 488 nihil
306 457 422 499 putauit
432 456 447 487 ὲ
459 454 580 495 magicis
589 452 644 484 suis
654 455 908 487 incantationibus
919 454 1045 488 differte.
1089 461 1176 489 Nune
1188 459 1317 490 breuiter
1327 466 1463 490 tenemus
1473 477 1482 491 ‚
1493 439 1664 497 qffiaelestem
1674 444 1852 496 banc-''15¹⁰‘’

141 503 253 534 cauerit
271 503 390 534 Simon:
414 504 447 532 [n
458 499 544 531 donis
556 499 683 538 Spiritus
692 521 700 533 ‚
711 510 771 530 tion
786 501 887 532 adorat
897 512 994 542 neque
1004 501 1133 543 agnoscit
1145 503 1252 534 Christi
1265 503 1426 544 potentiam
1437 514 1444 533 :
1455 511 1516 531 non
1537 488 1578 543 a}
1588 496 1660 546 {¹⁰9²
1670 487 1768 538 “mdl‘
1778 499 1850 532 pec*

140 556 172 577 te
180 547 334 578 instructos
344 545 514 589 Apostolos,
523 553 553 573 Vt
563 543 671 574 Christi
681 543 806 585 gloriam
818 544 867 575 suo
878 546 1038 577 ministerio
1051 547 1202 578 illustrent.-
1213 547 1255 578 sui
1266 560 1334 578 euin
1345 546 1470 578 ambitio
1481 543 1637 586 impeliifff
1650 532 1750 564 caeleffl
1759 543 1854 566 ‘'¹¹¹⁰'‘

139 591 327 633 posthabito,
347 592 478 623 eminere
490 587 588 629 cupiat
600 608 609 622 ‚
619 590 650 619 δι
660 589 803 620 mundum
814 589 867 620 sibi
877 588 974 622 facete
985 591 1149 622 obnoxium
1162 593 1319 634 :Spiritum
1331 591 1461 623 sanetum
1472 592 1594 622 mercari
1605 580 1853 665 vd.³l;¹sa²fivgr¹2teig

138 636 311 667 subiaceret.

169 691 204 712 20
220 682 350 713 Respon
359 690 378 709 D
388 688 422 708 ιτ
434 687 557 708 Ρετιινς
566 677 588 718 .)
601 673 654 708 Hic
663 677 768 709 acriter
777 687 844 709 eum
856 678 974 719 repellit
982 681 1088 711 Petrus
1099 692 1104 710 :
1116 689 1170 710 nec
1181 689 1342 712 contentus
1352 681 1571 724 obiurgatione,
1581 678 1673 714 diram
1686 682 1737 724 im¹
1805 709 1812 742 ί
1842 721 1844 723 ¹

136 734 208 756 nem
218 724 318 758 addit,
331 734 349 755 v
361 735 377 753 τ
391 732 489 764 pereat
505 722 607 752 Simon
620 731 685 751 cum
700 721 743 753 sua
756 723 1074 765 pecuniaQanquam
1088 735 1147 754 non
1158 734 1216 755 tam
1228 725 1269 755 illi
1280 727 1456 768 imprecatur
1468 729 1600 762 exitium,
1625 727 1691 760 uam
1703 720 1813 761 iustffat.

136 768 244 801 dictam
255 770 324 804 Dei,
336 767 496 798 incutiendi
507 766 625 796 terroris
635 766 726 800 caiisa,
740 767 895 797 denuntiat
908 778 1000 807 prope
1011 768 1193 808 impendere.
1219 771 1251 798 In
1265 769 1372 801 summa
1384 793 1394 807 ,
1405 771 1534 805 ostendit
1553 738 1625 815 quid
1643 763 1851 813 promeritl'Lfl‘

135 824 228 856 quum
239 812 326 845 soedae
335 810 541 843 nundinationi
552 808 674 840 subiecit
684 812 741 841 Dei
753 812 892 855 Spiritum
903 821 910 838 τ
921 821 953 841 ac
965 811 982 840 si
994 811 1125 847 dixisset,
1135 814 1251 854 Dignus
1262 825 1293 845 es
1304 817 1353 856 qui
1364 826 1464 856 pereas
1475 828 1541 848 cum
1553 827 1601 848 tua
1612 819 1747 857 pecunia,
1757 810 1853 860 quari}

134 868 216 891 tanta
228 857 408 890 contumelia
417 855 505 886 afficis
513 855 653 895 Spiritum
663 854 732 884 Dei.
755 857 829 885 Nam
841 854 922 895 qiibd
935 854 1044 886 saluum
1056 857 1160 898 potius
1170 858 1322 890 Simonem
1334 854 1420 901 quam
1432 862 1580 901 perditum
1591 869 1712 903 cuperet
1723 857 1877 898 pertusant

132 902 325 945 sequentibus
333 899 418 932 facile
429 897 554 939 intelligi
566 898 688 940 poterit.
697 897 744 929 sed
755 898 833 940 quasi
843 899 949 930 iudicis
961 900 1116 940 personam
1127 900 1280 938 sustinens,
1291 914 1379 945 quam
1390 914 1511 945 poenam
1524 915 1669 937 mereatur
1679 900 1809 938 Simonis
1818 908 1876 940 imi

132 949 236 989 pietas,
246 945 429 988 pronuntiat:
440 953 472 973 ac
483 952 562 973 tanta
573 943 760 974 vehementia
772 953 853 974 reum
870 944 972 985 peragi
983 946 1118 986 oportuit
1129 966 1138 980 ‚
1149 956 1180 977 νε
1197 945 1311 978 sceleris
1321 949 1508 981 atrocitatem
1531 949 1660 982 sentiret.
1680 949 1792 982 Eodem
1810 950 1874 994 spe-

132 992 190 1023 etat
200 991 280 1034 qubd
289 989 444 1031 pecuniam
462 986 572 1018 addixit
582 987 683 1019 exitio.
725 988 878 1029 Significat
888 991 967 1019 enim
979 989 1060 1030 qubd
1070 991 1107 1021 ad
1118 1000 1177 1021 tam
1199 990 1340 1024 nefarium
1360 992 1441 1025 vsum
1459 993 1559 1026 oblata
1570 993 1652 1030 esset,
1665 995 1744 1037 quasi
1753 994 1870 1028 sceleris

131 1036 312 1079 contagione
321 1032 457 1065 infeetam
467 1042 500 1063 ac
509 1031 652 1072 pollutam
664 1030 729 1063 effe.
739 1034 774 1064 Et
784 1032 874 1066 certe,
884 1035 1047 1074 optandum
1057 1034 1097 1065 est
1108 1035 1206 1076 potius
1216 1046 1247 1068 vt
1256 1047 1355 1078 pereat
1366 1047 1446 1069 totus
1456 1038 1592 1073 mundus,
1603 1039 1691 1080 quarn
1704 1049 1734 1072 vt
1742 1040 1869 1082 gloriam

131 1083 189 1112 Dei
200 1078 356 1111 obscurent
366 1088 427 1119 quae
435 1087 485 1117 pre
496 1075 552 1116 ipsa
563 1076 671 1107 nullius
681 1075 744 1108 sunt
751 1081 847 1118 pretij.
872 1077 1122 1120 Caeterdm‚quum
1134 1080 1173 1110 ita
1182 1080 1358 1122 imprecatur
1368 1083 1483 1114 homini
1494 1083 1645 1126 sacrilego,
1656 1092 1716 1115 non
1728 1094 1786 1116 tam
1798 1096 1867 1128 pet·

129 1124 228 1156 sonam
237 1123 352 1166 respicit
360 1121 446 1165 quam
457 1120 578 1152 facium.
587 1119 625 1152 sic
636 1121 714 1154 enim
723 1121 933 1154 excandescere
941 1123 1077 1155 aduersus
1085 1123 1241 1156 hominum
1252 1125 1357 1158 scelera
1375 1127 1520 1158 debemus
1529 1150 1537 1163 ,
1548 1139 1581 1160 vt
1591 1127 1799 1170 prosequamur
1807 1132 1865 1162 ho.

131 1171 227 1200 mines
236 1168 311 1210 ipsos
321 1165 528 1199 misericordia.
553 1166 641 1197 Tales
649 1163 714 1197 sunt
724 1167 780 1198 Dei
793 1166 952 1203 sententiae,
963 1178 1025 1209 quat
1033 1167 1194 1203 adulteros,
1203 1168 1291 1204 fures,
1303 1174 1334 1203 δε
1345 1170 1524 1208 ebriosos‚&
1533 1173 1657 1204 iniurius
1668 1173 1758 1209 exitio
1770 1174 1863 1207 deuo.
1877 1179 1915 1203 με
1924 1175 2008 1206 οι.ε,ει

130 1224 211 1245 uerit:
227 1223 324 1254 neque
335 1213 567 1252 enimquatenus
577 1210 714 1242 homines
724 1210 893 1253 sunt,spem
906 1212 962 1242 illis
980 1213 1139 1254 praecidunt
1150 1213 1265 1249 salutis,
1277 1215 1323 1248 sed
1334 1215 1447 1249 tanti-lm
1465 1215 1630 1249 referuntur
1639 1217 1675 1249 ad
1693 1219 1862 1260 praesentem
1877 1219 1899 1238 ⁹·
1992 1225 2002 1250 “,

128 1269 233 1290 eorum
246 1258 392 1288 statumt&
404 1255 420 1285 si
431 1254 576 1286 obstinate
585 1257 812 1298 pergant‚qualis
822 1266 873 1288 eos
883 1267 998 1288 maneat
1009 1258 1103 1288 exitus
1113 1257 1302 1291 denunciant.
1877 1247 1952 1278 Ephq.
1963 1254 1984 1271 ²¹
1994 1253 2010 1279 5²

159 1314 188 1334 zi
225 1306 297 1334 Nou
315 1312 330 1332 ε
339 1311 371 1333 st
384 1311 453 1331 trist
467 1311 481 1329 P
490 1310 504 1328 Α
514 1300 580 1339 its.)
592 1299 723 1339 Qidani
733 1301 815 1332 aliter
826 1301 992 1332 orationem
1003 1301 1336 1340 contexunt‚Simonem
1348 1314 1409 1334 non
1420 1299 1477 1336 esse
1486 1304 1657 1349 participem
1668 1308 1862 1352 gratiae,qubd

127 1359 192 1379 eam
204 1347 330 1387 pecunia
341 1346 469 1376 aestimet.
494 1345 549 1373 Sed
559 1344 648 1375 altera
658 1344 747 1375 leffio
756 1356 841 1385 quam
854 1344 966 1387 sequuti
975 1345 1083 1382 sumus,
1094 1349 1187 1390 magis
1197 1356 1314 1390 recepta
1327 1347 1376 1379 est:
1386 1359 1493 1391 nempe
1502 1373 1511 1387 ,
1522 1362 1552 1383 vt
1572 1353 1647 1384 ratio
1665 1350 1712 1384 illa
1720 1352 1863 1395 superiori

127 1394 265 1423 membro
276 1392 424 1431 iungatur.
447 1390 481 1419 Et
492 1387 569 1420 certe
578 1388 682 1420 melior
693 1389 732 1419 est
744 1391 788 1419 illa
799 1390 957 1424 connexio,
967 1392 1095 1429 Pecunia
1104 1402 1153 1423 tua
1164 1403 1263 1434 pereat
1273 1392 1512 1436 tecum‚quando
1530 1407 1562 1427 ea
1581 1396 1761 1438 compensari
1782 1397 1864 1439 posse

126 1437 272 1468 existimas
283 1434 481 1466 inaestimabile
491 1434 616 1473 Spiritus
624 1433 747 1464 donum.
771 1436 827 1463 Vbi
841 1445 924 1465 vetus
935 1435 1082 1476 interpres
1090 1435 1233 1477 posuerat,
1244 1439 1276 1468 In
1287 1437 1419 1470 sermone
1429 1440 1487 1471 hoc
1498 1443 1610 1481 :aptius
1625 1440 1758 1474 Erasmus
1765 1443 1863 1474 reddi-

124 1481 182 1517 dit,
191 1484 226 1512 ln
236 1490 350 1512 ratione
360 1480 423 1509 hac.
446 1476 598 1519 Significat
607 1477 685 1508 enim
696 1479 800 1508 Petrus
808 1498 818 1513 ,
829 1478 902 1509 nihil
910 1480 939 1509 in
950 1489 1012 1510 tota
1023 1480 1071 1510 illa
1081 1480 1330 1513 administratione
1340 1493 1500 1516 commune
1509 1482 1565 1516 esse
1584 1486 1700 1517 homini
1718 1485 1858 1529 sacrilego

124 1527 175 1566 qui
186 1538 249 1556 eain
261 1524 350 1564 impie
361 1520 502 1563 profanat.
524 1521 630 1556 Porro,
639 1521 676 1550 de
686 1522 818 1552 S:monia
830 1522 956 1554 multum
968 1526 1000 1555 δε
1021 1535 1136 1555 veteres
1152 1527 1303 1569 Theologi
1317 1529 1349 1558 &
1367 1523 1484 1569 Papistae
1501 1528 1682 1571 disputarunt
1693 1542 1699 1561 ε
1710 1529 1758 1563 sed
1775 1530 1858 1574 quod

122 1571 244 1610 Papistae
253 1569 418 1599 Simoniam
427 1563 574 1606 appellant
585 1575 669 1600 ‚cum
680 1566 809 1595 Simonis
818 1564 896 1596 ficto
908 1566 1030 1598 minimi:
1039 1569 1190 1600 conuenit.
1213 1570 1308 1602 voluit
1326 1572 1428 1604 Simon
1445 1571 1569 1614 Spiritus
1588 1577 1710 1617 gratiam
1730 1577 1858 1618 pecunia

122 1625 239 1646 emere:
250 1611 371 1654 Papistae
381 1620 493 1641 crimen
505 1609 643 1639 Simoniae
651 1611 687 1641 ad
697 1609 809 1640 otiosos
819 1621 985 1652 prouentus
995 1610 1059 1642 suos
1069 1613 1199 1644 trahunt.
1221 1618 1328 1657 Neque
1337 1625 1434 1646 tamen
1446 1616 1504 1647 hoc
1513 1617 1594 1653 dico,
1605 1628 1635 1650 vt
1652 1619 1760 1660 flagitia
1778 1629 1860 1651 exte-

121 1663 288 1700 nuem,quat
297 1655 431 1687 emendis
440 1656 472 1686 δε
482 1653 647 1685 vendendis
656 1652 824 1686 sacerdotiis
833 1656 925 1687 hodie
936 1654 1095 1698 grassantur
1106 1658 1134 1688 in
1145 1660 1329 1700 Papatu.1am
1341 1659 1430 1701 perse
1440 1659 1504 1692 satis
1512 1659 1629 1692 foedum
1641 1663 1682 1693 est
1690 1664 1747 1695 hoc
1756 1662 1860 1700 scelus,

121 1703 203 1744 qubd
214 1702 301 1733 talem
312 1702 341 1731 in
351 1698 478 1731 Ecclesia
488 1699 546 1729 Dei
557 1708 717 1730 mercatum
729 1709 876 1731 exercent.
900 1700 1015 1731 Interea
1027 1701 1098 1732 verb
1107 1701 1235 1733 tenenda
1247 1703 1288 1735 est
1296 1704 1413 1745 propria
1431 1706 1567 1747 Simonie
1583 1705 1721 1738 definitio
1731 1719 1738 1738 :
1748 1715 1859 1750 nempe'

121 1746 205 1788 quod
215 1745 346 1785 sitimpia
354 1744 502 1773 donorum
514 1744 638 1782 Spiritus
649 1743 825 1774 nundinatio
835 1765 845 1778 ‚
856 1743 903 1773 vel
919 1743 999 1775 aliud
1018 1743 1109 1776 simile
1119 1767 1129 1781 ,
1138 1747 1208 1778 dum
1219 1747 1276 1781 illis
1287 1748 1427 1789 quispiam
1444 1750 1480 1781 ad
1496 1751 1711 1786 ambitionem,
1723 1752 1770 1784 vel
1787 1753 1858 1784 alias

121 1788 303 1832 corruptelas
312 1788 454 1819 abutitur.
477 1787 656 1828 Qanquam
666 1787 795 1830 Simonis
805 1788 970 1818 imitatores
980 1785 1036 1818 esse
1043 1799 1149 1819 omnes
1157 1788 1253 1821 fateor
1261 1809 1271 1826 ,
1281 1792 1331 1832 qui
1343 1791 1427 1822 malis
1437 1793 1549 1824 artibus
1559 1793 1595 1825 ad
1603 1795 1734 1826 Ecclefiae
1742 1797 1858 1839 regim&

119 1835 260 1876 aspirant:
271 1832 352 1874 quod
369 1831 466 1872 paffim
479 1831 569 1860 hodie
579 1830 661 1860 nullo
671 1831 786 1871 pudore
794 1830 857 1861 sieri
869 1831 1005 1862 videmus
1014 1853 1022 1866 ‚
1032 1841 1172 1874 tanquam
1182 1834 1271 1866 liceat
1280 1845 1287 1865 ε
1296 1845 1329 1865 ac
1337 1834 1496 1867 secundum
1507 1836 1735 1870 hancrationem
1746 1858 1757 1873 ‚
1767 1842 1857 1872 vixin

120 1890 189 1912 toto
200 1882 309 1919 Papatu
322 1873 635 1916 reperietursacerdos‚
646 1874 695 1915 qui
707 1885 766 1904 non
779 1874 872 1915 palam
883 1874 1107 1908 sitSimoniacus
1117 1888 1124 1907 :
1134 1877 1254 1919 quando
1266 1873 1441 1910 nullusilluc
1452 1889 1605 1922 emergere
1623 1881 1736 1922 potest,
1746 1884 1818 1925 quin
1827 1882 1856 1916 se

119 1922 246 1966 oblique
258 1920 390 1952 insinuet.
415 1920 592 1960 Qanquam
603 1914 754 1949 fatendum
767 1919 824 1955 est,
835 1919 917 1961 quod
928 1931 1040 1963 magno
1048 1920 1145 1951 nostro
1156 1922 1269 1963 pudore
1288 1922 1372 1965 pueri
1389 1923 1493 1955 viderit
1502 1945 1511 1959 ,
1521 1935 1582 1955 non
1602 1925 1718 1957 minore
1733 1925 1855 1960 licentia

118 1970 196 2009 apud
205 1966 344 2010 quosdam
355 1962 657 2006 pseudoeuangelicos
680 1960 805 2004 grassati.
831 1968 894 1994 Nos
902 1975 998 1996 autem
1009 1976 1039 1996 vt
1051 1965 1067 1996 a
1076 1967 1206 1997 Simonis
1216 1968 1396 2009 contagione
1407 1969 1471 2008 puri
1483 1967 1580 2004 simus,
1589 1968 1716 2010 primurn
1727 1971 1857 2012 Spiritus

118 2014 197 2045 dona
208 2011 429 2043 meminerimus
438 2019 497 2038 non
507 2008 633 2048 pecunia
643 2007 754 2048 acquiri
767 2006 829 2038 :sed
841 2007 968 2039 conferri
978 2020 1056 2040 mera
1067 2012 1099 2042 δε
1107 2012 1231 2052 gratuita
1242 2013 1300 2043 Dei
1311 2012 1444 2044 bonitate
1452 2028 1462 2045 ³
1472 2009 1562 2054 idque
1572 2014 1601 2044 in
1620 2012 1751 2046 Ecclesiae
1766 2015 1855 2047 aedifia

118 2056 340 2089 cationem.hoc
350 2053 435 2088 est‚vt
445 2052 556 2083 studeat
568 2051 688 2093 quisque
700 2062 753 2092 pro
763 2050 909 2084 facultatis
920 2051 971 2084 suat
983 2054 1075 2084 modo
1087 2052 1187 2086 fratres
1197 2054 1262 2086 suos
1271 2056 1368 2086 iuuare
1380 2068 1386 2086 ε
1398 2066 1428 2087 νε
1437 2056 1567 2088 modeste
1583 2057 1702 2099 quisque
1720 2057 1853 2092 conferat

117 2102 146 2133 in
159 2110 320 2132 commune
330 2096 456 2139 Ecclesie
467 2098 579 2127 bonum
591 2117 600 2131 ,
611 2095 692 2137 quod
702 2096 814 2137 accepit
825 2108 832 2129 i
842 2107 897 2127 nec
907 2097 1005 2128 obstet
1020 2098 1186 2141 cuiusquam
1198 2100 1328 2144 hominis
1337 2099 1508 2132 excellentia
1517 2123 1526 2137 ‚
1543 2103 1614 2142 quin
1627 2099 1704 2134 solus
1719 2100 1853 2135 Christus

116 2146 199 2188 supra
209 2154 316 2177 omnes
326 2143 463 2173 emineat.
487 2145 594 2178 Mirum
604 2150 701 2172 tamen
712 2140 805 2172 videri
817 2140 925 2182 posset,
936 2140 1017 2184 quod
1028 2143 1180 2175 Simonem
1191 2144 1324 2176 excludat
1333 2146 1439 2176 Petrus
1448 2145 1462 2175 a
1472 2145 1596 2186 Spiritus
1611 2139 1875 2205 participatione‚}

115 2192 198 2233 quod
208 2191 243 2221 ad
258 2190 335 2220 dona
347 2186 479 2227 specialia
490 2185 618 2227 pertinet
629 2196 636 2214 ε
647 2185 714 2233 quifi
723 2195 774 2215 cor
786 2196 845 2216 non
860 2186 966 2217 habeat
980 2187 1090 2217 rectum
1102 2198 1200 2218 coram
1219 2191 1297 2219 Deo.
1319 2199 1415 2230 neque
1428 2190 1507 2220 enim
1525 2189 1598 2221 fecit
1615 2191 1691 2222 1udae
1709 2192 1849 2232 prauitas,

115 2235 188 2276 quin
199 2235 322 2275 Spiritus
332 2231 418 2262 donis
429 2229 571 2270 polleret:
584 2239 638 2260 nec
646 2229 770 2270 Spiritus
780 2229 857 2260 dona
867 2230 944 2269 apud
955 2232 1131 2263 Corinthios
1140 2231 1177 2264 sic
1187 2243 1324 2274 corrupta
1335 2230 1450 2264 fuissent
1460 2254 1470 2269 ‚
1482 2233 1501 2264 fi
1512 2234 1734 2267 cothabuissent
1746 2247 1844 2268 coram

113 2282 183 2310 Deo
192 2279 317 2309 tedium.
337 2278 406 2306 Non
418 2274 534 2305 videtur
546 2276 644 2314 itaque
653 2274 729 2304 ratio
739 2284 824 2314 qnam
836 2275 953 2316 assignat
963 2275 1223 2317 Petruesuffieere:
1235 2278 1301 2318 quia
1310 2277 1394 2308 multi
1408 2278 1457 2319 qui
1468 2279 1584 2319 impuro
1594 2278 1657 2310 sunt
1674 2279 1842 2322 corde,Spi-
1856 2280 1966 2313 menia.

113 2334 187 2355 mus
197 2323 282 2354 donis
291 2319 456 2362 plerunque
466 2318 620 2349 excellunt.
642 2317 700 2348 Sed
709 2317 804 2358 primb
815 2340 823 2352 ,
834 2319 905 2348 nihil
916 2318 1029 2350 absurdi
1040 2320 1091 2355 est,
1101 2319 1120 2350 fi
1129 2321 1259 2363 indignis
1267 2332 1386 2363 quoque
1395 2322 1466 2352 tales
1484 2323 1591 2364 gratias
1605 2321 1736 2356 conferat
1748 2328 1841 2356 Deus.

114 2367 224 2400 deinde
233 2368 336 2397 Petrus
347 2373 406 2395 non
416 2361 570 2404 praescribit
582 2359 630 2392 hic
638 2362 804 2403 generalem
817 2363 948 2403 regulam
959 2384 969 2398 ,
980 2362 1026 2394 sed
1046 2365 1113 2406 quia
1131 2374 1304 2396 communio
1323 2368 1470 2397 donorum
1491 2367 1615 2409 Spiritus
1632 2369 1784 2409 peculiaris
1802 2369 1842 2400 est

113 2411 246 2445 Ecclesiae
256 2433 265 2447 ,
284 2411 436 2447 Simonem
450 2429 459 2443 ,
469 2407 518 2448 qui
530 2406 642 2437 alienus
653 2406 691 2437 est
701 2404 716 2435 ὲ
730 2405 864 2443 Christo,
881 2408 1043 2450 indignum
1054 2407 1110 2439 effe
1120 2410 1291 2448 pronuntiat
1300 2429 1309 2444 ,
1321 2410 1518 2451 quitanquam
1529 2421 1603 2442 vnus
1621 2422 1654 2442 ex
1669 2413 1840 2444 domesticis

110 2456 169 2488 Dei
194 2454 306 2488 easdem
324 2463 390 2485 cum
401 2451 539 2483 fidelibus
546 2451 652 2495 gratias
662 2451 826 2493 participet.
850 2451 934 2482 Adde
946 2451 1027 2494 quod
1035 2453 1146 2485 diretta
1162 2451 1257 2486 fuerat
1276 2455 1458 2486 contumelia
1473 2455 1504 2487 in
1523 2466 1556 2487 ea
1574 2455 1650 2487 dona
1669 2456 1778 2498 quibus
1787 2456 1840 2488 ab·

112 2501 237 2533 dicatur.

143 2558 174 2576 22
206 2549 252 2577 Rp.
262 2553 356 2573 ενιεε
370 2541 516 2580 ιωῐτνιι.)
528 2536 620 2579 Qod
632 2538 713 2569 illurn
723 2539 757 2569 ad
767 2540 977 2580 poenitentiam
996 2540 1151 2577 hortatur,
1165 2545 1197 2574 &
1211 2542 1364 2584 preces,in
1383 2552 1420 2574 eo
1437 2541 1513 2584 spem
1531 2543 1623 2575 veniae
1637 2541 1779 2575 residuam
1797 2542 1840 2574 illi

107 2587 187 2621 sacit.
210 2587 292 2620 nullo
302 2587 381 2617 enim
394 2597 522 2627 vnquam
533 2582 716 2626 reiipiscendi
727 2583 828 2615 affeetu
841 2586 981 2626 quispiam
991 2595 1127 2627 tangetur
1139 2604 1149 2619 2
1157 2585 1207 2617 nisi
1217 2588 1265 2628 qui
1276 2587 1438 2628 propitium
1448 2586 1500 2617 sibi
1509 2584 1572 2618 fore
1582 2589 1680 2620 Deum
1697 2587 1839 2619 confidet:

109 2635 214 2665 contra
223 2629 404 2673 ‚desperatio
413 2630 549 2661 homines
559 2629 671 2669 semper
679 2628 772 2669 rapiet
795 2629 957 2670 praecipites
967 2631 1002 2661 ad
1019 2631 1178 2661 audaciam.
1205 2633 1341 2671 preterea
1352 2630 1489 2672 scriptura
1500 2631 1593 2662 docet
1603 2653 1613 2667 ‚
1629 2642 1689 2662 non
1707 2632 1839 2662 inuocari

107 2679 163 2710 rite
171 2681 268 2708 Deum
279 2696 288 2709 ‚
297 2674 349 2711 nisi
361 2685 395 2707 ex
407 2675 476 2705 side.
498 2673 641 2704 Videmus
651 2681 723 2713 ergo
734 2689 743 2703 2
753 2683 782 2703 νε
789 2675 890 2704 Petrus
900 2673 1052 2706 Simonem
1062 2674 1130 2705 diris
1139 2673 1297 2706 verborum
1309 2673 1482 2706 fulminibus
1493 2673 1562 2705 :inte
1571 2676 1839 2716 prostratummunc‘

107 2722 201 2754 rursus
212 2723 242 2752 in
252 2720 349 2751 salutis
359 2718 496 2749 fiduciam
505 2717 597 2758 erigat
608 2726 615 2745 z
625 2718 656 2747 ὅ(
666 2726 762 2747 tamen
773 2717 906 2749 nonleue
914 2729 1067 2760 peccatum
1077 2728 1136 2748 erat
1144 2718 1283 2748 Simonis.
1304 2718 1412 2750 Verum
1424 2740 1432 2755 ,
1441 2718 1461 2748 fi
1472 2718 1534 2749 fieri
1545 2719 1631 2758 poffit
1642 2737 1652 2754 ,-
1662 2719 1699 2750 ab
1719 2719 1841 2760 ipsisinh-

105 2765 178 2798 feris
186 2763 358 2796 extrahendi
371 2762 459 2792 nobis
469 2760 532 2792 sunt
540 2760 688 2790 homines.
700 2761 840 2797 Proinde,
851 2761 949 2794 donec
958 2762 985 2795 se
998 2761 1153 2794 manifestis
1164 2761 1251 2804 signis
1260 2762 1346 2793 etiam
1357 2762 1562 2794 sceleratissimi
1572 2764 1681 2804 quique
1694 2759 1841 2804 reprobos

106 2810 165 2842 effe
176 2809 313 2851 prodant,
326 2805 415 2838 nemo'
423 2814 482 2837 tam
493 2804 592 2836 seuere
602 2804 770 2836 tractandus
779 2805 904 2847 est,quin
919 2806 961 2837 illi
972 2807 1054 2839 simul
1063 2817 1249 2848 peccatorum
1259 2806 1386 2837 remiffio
1396 2815 1463 2836 ante
1481 2804 1586 2836 oculos
1602 2817 1738 2847 ponatur.
1757 2806 1836 2843 Imb,

122 2855 215 2886 'uibus
225 2853 266 2884 ob
277 2851 415 2884 duritiem
427 2853 458 2883 δε
467 2849 661 2890 peruicaciam
671 2849 766 2880 acrior
774 2849 946 2893 obiurgatio
955 2851 1035 2884 vtilis
1044 2851 1095 2886 est,
1106 2850 1143 2881 sic
1153 2860 1250 2881 tamen
1262 2861 1318 2880 vna
1339 2859 1426 2880 manu
1444 2849 1574 2880 deiicere
1592 2850 1673 2892 ipsos
1690 2851 1777 2884 decet
1785 2874 1795 2887 ,
1805 2863 1839 2884 vt

105 2899 195 2931 altera
205 2898 403 2930 subleuentur.
428 2905 494 2925 nam
505 2894 692 2926 anathemate
703 2890 786 2924 ferire
795 2894 918 2935 Spiritus
927 2897 985 2926 Dei
998 2906 1057 2926 non
1067 2894 1215 2937 permittit.
1239 2894 1296 2924 Sed
1309 2902 1420 2925 metum
1429 2903 1462 2925 ac
1478 2893 1698 2927 dubitationem
1716 2897 1839 2929 iniicere

105 2943 339 2974 videturPetrus‚
348 2949 438 2981 quum
448 2939 532 2973 dicit,
548 2949 577 2968 sr
590 2948 710 2968 roni-s.
732 2939 766 2968 Et
777 2938 895 2979 Papistae
907 2940 1042 2971 hocloco
1054 2941 1084 2971 δε
1094 2937 1235 2968 similibus
1247 2938 1372 2978 probare
1384 2937 1571 2971 contendunt
1587 2937 1721 2981 suspensis
1739 2952 1772 2979 ac
1785 2941 1840 2972 du.

106 2987 166 3017 biis
173 2987 277 3017 animis
288 2983 467 3029 precandum
479 2981 534 3021 esse
547 2995 555 3012 :
566 2983 634 3024 quia
644 2981 754 3013 temere
763 2992 874 3014 certum
886 2984 936 3015 sibi
947 2982 1101 3015 successum
1113 2982 1249 3013 homines
1260 2983 1288 3012 in
1308 2981 1363 3012 suis
1381 2982 1462 3013 votis
1477 2983 1650 3023 promittant
1661 2983 1725 3015 :sed
1744 2983 1839 3016 facilis

106 3031 146 3060 est
156 3029 273 3061 solutio.
295 3034 370 3061 Nam
382 3023 550 3065 distodsipo.
559 3027 729 3058 tantundem
742 3027 818 3058 valet
828 3027 891 3059 acsi
912 3028 977 3070 quis
994 3027 1094 3058 Latine
1112 3026 1209 3060 dicat,
1225 3026 1253 3056 Si
1265 3023 1320 3067 qus
1341 3026 1396 3057 tibi
1415 3027 1544 3059 remittat
1560 3028 1655 3059 Deus.
1675 3026 1745 3061 Eam
1764 3030 1838 3062 verb

105 3075 212 3106 Petrus
221 3072 408 3114 vsurpat‚non
419 3082 450 3103 vt
459 3071 627 3113 perplexum
638 3070 782 3111 relinquat
789 3071 919 3102 animum
931 3069 1120 3105 Simonis,sed
1129 3080 1160 3101 vt
1171 3071 1264 3112 magis
1274 3069 1310 3100 ad
1320 3069 1537 3102 vehementiam
1547 3073 1686 3113 precandi
1695 3073 1835 3109 stimulus

105 3119 182 3150 Nam
192 3116 249 3159 ipsa
259 3115 414 3150 difficultas
425 3127 483 3147 non
493 3117 594 3157 parum
606 3114 642 3144 ad
652 3124 708 3144 nos
719 3115 889 3146 excitandos
899 3116 976 3147 valet
985 3114 1066 3156 :quia
1077 3114 1128 3145 vbi
1146 3123 1191 3144 res
1201 3112 1316 3144 videtur
1325 3112 1376 3144 sub
1389 3123 1475 3146 manu
1490 3113 1686 3150 effesnimium
1702 3116 1790 3149 securi
1803 3120 1836 3149 &e

105 3163 206 3205 ignaui
217 3161 324 3192 sumus.
345 3164 423 3203 Ergo
435 3170 494 3191 non
506 3158 610 3190 incutit
619 3160 723 3188 Petrus
732 3160 844 3190 Simoni
852 3169 1006 3193 terrorem,
1017 3158 1064 3198 qui
1075 3157 1397 3199 impetrandifiduciam
1414 3169 1526 3191 euertat
1542 3161 1572 3192 in
1589 3161 1652 3192 eius
1667 3160 1757 3192 corde
1768 3160 1836 3195 ‚vel

103 3206 260 3249 perturbet
270 3216 277 3235 ε
287 3204 334 3236 sed
343 3204 420 3247 spem
430 3205 470 3236 illi
482 3214 589 3234 certam
598 3200 720 3238 faciens,
729 3202 747 3234 si
757 3200 872 3245 supplex
883 3203 997 3245 petierit
1008 3213 1040 3232 ac
1050 3211 1084 3233 ex
1093 3203 1320 3235 animo‚tantum
1333 3203 1476 3234 excitandi
1487 3203 1601 3236 ardoris
1616 3204 1706 3240 causa,
1716 3204 1835 3235 veniam

103 3263 160 3293 pro
170 3249 284 3281 sceleris
293 3250 434 3290 grauitate
444 3249 591 3279 difficilem
603 3243 658 3276 esse
669 3256 894 3279 commemorat.
909 3243 1032 3279 Necesse
1044 3247 1121 3277 enim
1134 3246 1218 3280 est‚vt
1229 3245 1301 3277 fides
1311 3246 1436 3279 nobisin
1448 3248 1584 3281 adeundo
1592 3250 1660 3280 Deo
1669 3247 1833 3289 praelucent:

103 3296 213 3326 imb‚Vt
222 3294 254 3324 sit
263 3293 441 3331 precationis
449 3304 551 3323 mater.
1825 3327 1828 3331 Ι

137 3351 166 3378 23
192 3339 234 3368 Iu
254 3348 355 3368 tutte
368 3338 456 3366 tutu
470 3348 533 3366 nia
543 3337 744 3376 RxTanssS.)
753 3337 863 3367 Iterum
874 3338 1023 3368 Simonem
1034 3335 1140 3366 Petrus
1151 3332 1222 3367 dure
1231 3335 1368 3377 exagitat,
1378 3337 1410 3367 δὲ
1427 3334 1485 3368 Dei
1498 3335 1607 3367 iudicio
1625 3332 1832 3374 percellit.nifi

103 3385 184 3416 enirn
195 3382 313 3413 coactus
323 3378 417 3411 fuisset
427 3380 455 3410 in
465 3382 492 3411 se
502 3379 690 3414 descendere,
702 3388 850 3421 nunquam
861 3379 933 3412 scrib
944 3380 979 3411 ad
989 3383 1087 3411 Deum
1104 3378 1261 3410 conuersus
1269 3377 1350 3410 esset.
1363 3380 1446 3411 Nihil
1455 3380 1533 3413 enim
1542 3377 1664 3418 stupidis
1672 3381 1764 3421 magis
1771 3380 1832 3419 exio

101 3428 172 3461 tiale
182 3425 321 3467 est‚quam
335 3434 424 3465 quum
435 3423 491 3453 illis
501 3423 793 3464 blandimiir,velqui'i
802 3424 905 3456 leuiter
914 3423 1029 3456 tantiim
1041 3422 1172 3459 radimus
1182 3422 1291 3455 summa
1302 3432 1504 3464 cutem,quum
1516 3422 1615 3462 potius
1625 3419 1756 3454 fodiendi
1766 3422 1832 3455 sint.-

101 3475 180 3516 Ergo
190 3471 286 3504 donec
296 3478 330 3500 ex
338 3467 453 3511 peccati
462 3466 502 3500 sui
512 3467 592 3500 sensu
602 3477 699 3501 veram
710 3468 852 3500 tristitiam
865 3472 896 3502 δε
905 3469 1040 3502 dolorem
1051 3467 1223 3510 conceperit
1235 3466 1451 3510 peccatontal'is
1458 3464 1626 3500 adhibenda
1635 3466 1676 3500 est
1683 3465 1832 3504 seueritas,
