2310 3841
915 112 952 154 C
984 115 1338 164 OMMEN‘T.

269 174 364 223 quam
376 173 480 210 tenuis
489 178 520 211 δι
532 173 666 211 obscura
678 173 773 211 fuerit
783 185 896 209 eorum
907 175 1066 213 fideshfi
1078 193 1113 215 e-
1166 183 1351 220 vberiorem
1363 186 1511 222 continet
1521 188 1720 227 doetrinam:

269 236 338 259 nim
349 223 432 271 spem
445 222 993 278 maurelionis11bauerant,1eujor
1005 239 1110 262 tamen

270 280 334 307 erat
346 275 451 320 gustus
460 276 555 318 quani
568 284 600 306 vt
611 274 687 307 certi
701 274 871 321 quicquam
882 277 912 307 ὅ(
926 276 1011 308 tirmi
1023 287 1111 311 tene-

266 330 339 356 rent
347 323 385 355 de
396 320 539 354 Christo.
564 322 710 356 Credunt
722 334 795 355 cum
805 322 1043 368 redemptorem
1053 326 1108 371 qui

265 370 347 403 olim
358 367 527 416 promissiis
542 367 662 408 fuerat,
682 370 766 404 vnde
780 367 866 416 spem
883 372 1108 407 renouationis

263 416 410 455 Eccleliae
420 417 672 461 concipiunttl'ed
685 418 737 451 illa
749 417 898 465 cognitio
908 430 983 452 mox
997 419 1029 452 in
1043 421 1105 468 rig.

264 476 370 501 menta
386 465 642 512 degenerat‚quae
653 467 718 500 vim
733 467 822 512 regni
835 466 902 499 eius
914 471 962 501 vel
974 479 1104 512 peruer-

259 524 332 548 tunt
344 514 394 548 vel
407 517 586 548 obituram.
613 517 672 548 Sed
683 513 761 547 nihil
773 513 934 548 absurdius
953 515 998 549 est
1007 518 1103 563 quani

260 561 351 609 quod
362 562 424 595 illis
435 573 483 596 tot
494 563 694 596 monitiones
706 561 771 596 fine
787 562 933 613 proiectu
944 567 1104 599 memoria

261 609 572 645 exciderant-Brutus
582 610 667 646 certe
678 611 729 644 hic
741 609 849 655 stupor
860 611 1030 658 tumquum
1041 625 1099 648 nu-

261 670 317 705 per
328 658 443 693 diserte
455 658 581 693 testatus
593 660 665 693 effer
679 657 826 693 Christus
836 659 947 693 acerba
957 665 988 695 &
1003 661 1101 708 igno—

258 705 429 741 miniosam
442 719 582 742 mortem
593 705 771 741 libiinstare
785 729 795 745 ‚
813 719 881 741 non
901 710 1003 744 inodo
1016 710 1100 755 ipsos

259 767 389 790 manere
398 754 589 794 securos,sed
598 766 769 802 properare
780 756 866 789 velut
876 757 914 790 ad
923 757 993 790 laetu
999 771 1029 792 m
1039 761 1098 791 tri-

257 804 428 850 umphuni.
601 810 603 812 ’

305 864 336 886 12
356 857 448 886 Homo
457 850 600 898 quidam)
625 850 796 886 Matthaeus
812 851 893 885 hanc
912 849 1096 896 parabolam

255 898 655 945 aliisinterseritncgieeto
675 910 859 945 temporum
871 899 997 952 ordine.
1037 900 1097 951 Sed

255 950 331 994 quia
350 947 411 982 hoc
425 946 541 982 fuitilli
559 946 727 981 consilium
746 950 763 982 a
780 948 883 992 capite
896 946 1095 1001 vxcesnnole-¹

254 997 362 1031 cundo
379 996 413 1028 in
432 1008 579 1030 aceruum
602 997 757 1042 colligere
774 995 957 1041 postremos
974 995 1096 1030 Christi

253 1044 417 1079 sermones
432 1069 442 1083 ,
460 1057 526 1078 non
541 1044 586 1078 est
601 1057 654 1078 cur
674 1045 765 1078 valde
783 1044 932 1078 laborent
957 1043 1095 1079 lectores

253 1091 396 1139 quisnam
407 1093 514 1139 primo
524 1115 534 1131 ‚
553 1093 604 1126 vel
614 1091 765 1132 secundo,
778 1094 828 1126 vel
844 1093 940 1126 tertio
951 1093 1002 1127 die
1013 1094 1095 1126 intra
1113 1108 1116 1114 ·

252 1140 351 1175 breue
361 1141 440 1176 illud
450 1153 576 1187 tempus
586 1141 712 1175 habitus
722 1139 828 1175 fuerit.
846 1144 913 1175 lam
925 1141 1001 1186 quid
1012 1141 1095 1175 inter

250 1189 282 1223 se
293 1188 438 1224 differant
449 1189 619 1224 Matthaeus
628 1194 657 1225 ἃ
670 1192 781 1226 Lucas,
793 1202 905 1223 norare
915 1201 1095 1235 operaepre-

251 1237 486 1272 tiu1nest.nam
500 1251 599 1285 quum
609 1239 663 1272 ille
678 1237 861 1272 membrum
872 1250 970 1290 vnum
981 1238 1095 1272 dunta-

250 1298 301 1321 xat
313 1286 514 1334 attingat,hic
525 1285 684 1333 posterior
693 1288 758 1321 duo
772 1287 1095 1340 complectitur-dile-

249 1335 346 1369 brom
356 1335 418 1370 hoc
429 1335 588 1369 ambobus
599 1338 738 1370 comune
748 1334 792 1368 est
802 1358 811 1373 ‚
830 1333 996 1388 Christum
1007 1338 1097 1389 ίιιῃιτ

250 1384 316 1418 lem
330 1384 389 1420 effe
400 1383 527 1417 homini
544 1384 700 1430 principi,
719 1383 773 1429 qui
793 1383 886 1429 regni
908 1384 1094 1437 acquirendi

249 1432 339 1466 causa
349 1435 480 1478 longam
494 1432 732 1477 expeditionem
743 1429 827 1475 susti,
842 1442 1093 1485 iens,pecuniazm

249 1480 333 1514 suam
346 1480 442 1515 seruis
453 1479 731 1514 administrandam
744 1491 817 1513 com
824 1482 914 1512 milit:
924 1482 955 1512 &
966 1491 1034 1525 quae
1044 1482 1092 1512 le-

249 1540 401 1573 quuntur.
429 1529 503 1561 Hoc
515 1529 593 1561 vero
605 1529 750 1564 alterum,
763 1529 855 1560 Lucae
866 1529 1023 1572 peculiare
1033 1527 1089 1567 est,

247 1576 394 1610 subditos
404 1574 518 1608 abusos
528 1576 682 1622 principis
692 1574 1021 1613 absentia‚rumultum
1034 1589 1091 1609 mo

246 1623 371 1663 uiffe‚vt
380 1625 490 1670 iugum
501 1625 570 1657 eius
579 1626 928 1676 excuterentNtroque
939 1624 1090 1678 nien-,bro

208 1661 212 1681 ξ
247 1674 310 1707 huc
318 1672 470 1718 spectauit
481 1671 641 1710 Christus,
652 1671 752 1718 longe
761 1669 827 1705 falli
839 1671 1022 1725 discipulos,
1035 1684 1091 1719 qui

245 1732 392 1768 putarent
401 1722 465 1755 iam
475 1719 576 1767 ipsum
587 1720 680 1755 fixam
690 1720 808 1754 habere
816 1722 908 1772 regni
919 1720 1089 1756 stationem

236 1774 279 1804 ⁴&
290 1768 551 1815 Hierosolymam
568 1770 678 1804 venire
687 1781 720 1803 vt
735 1781 810 1803 mox
821 1769 1088 1819 loelicem—statum

246 1818 395 1865 erigeret.
404 1820 452 1852 Ita
465 1817 516 1864 spe
526 1818 615 1865 regni
629 1816 947 1865 praescntirabiataffld
956 1818 1042 1864 lpem
1056 1822 1089 1853 &

245 1866 451 1901 tolerantiam
460 1878 515 1899 eos
525 1865 681 1900 bortatur.
717 1866 844 1900 Multos
856 1867 944 1900 enim
961 1867 1089 1902 labores

244 1916 300 1949 diu
312 1921 342 1949 ἃ
355 1914 465 1947 sedulo
476 1914 539 1947 illis
550 1913 721 1947 obeundos
730 1914 828 1948 edicit
837 1918 974 1962 antequa
983 1917 1088 1962 gloria

246 1962 302 1996 illa
310 1960 516 1999 fruantur,cui
527 1960 625 1994 nimis
634 1960 734 1994 calide
743 1961 921 1996 inhiabant.
947 1965 982 1996 In
993 1976 1087 2009 regio-

245 2022 314 2044 nem
325 2010 526 2055 longinquam.
551 2011 664 2052 Qum
676 2018 822 2055 putarent
832 2008 977 2055 discipuli
988 2011 1085 2045 Chri-

245 2057 328 2094 stum
338 2056 430 2103 regni
439 2055 483 2090 sui
492 2054 716 2103 poffeffionem
728 2057 791 2090 iam
801 2067 876 2090 tunc
887 2057 974 2091 adire
982 2079 992 2096 ‚
1002 2057 1088 2093 hunc

244 2118 389 2142 errorem
399 2104 508 2151 primo
518 2105 653 2152 corrigit
669 2105 761 2153 :quia
770 2103 827 2138 fibi
837 2105 1020 2158 longinquo
1031 2106 1086 2159 iti-

241 2167 320 2189 nere
329 2154 558 2200 acquirendum
570 2152 606 2187 sn
616 2154 869 2201 regnumJ’orrb
880 2153 956 2200 quid
966 2154 1086 2200 fignifi-

242 2214 295 2238 cet
306 2203 397 2250 regio
407 2202 587 2248 longinqua
597 2200 742 2237 subtilius
760 2201 907 2236 differant
915 2203 969 2250 qui
982 2205 1086 2248 captat

240 2262 389 2299 argutias.
400 2250 487 2285 Mihi
497 2263 566 2285 non
575 2251 659 2284 aliud
672 2261 785 2284 notare
797 2250 926 2285 videtur
938 2250 1086 2302 Christus

242 2300 338 2347 quain
348 2298 530 2333 diuturnam
539 2297 713 2333 absentiam
725 2298 742 2332 a
752 2309 900 2344 tempore
909 2309 1023 2351 mortis
1035 2300 1085 2331 vs—

241 2360 306 2394 que
326 2347 365 2382 ad
374 2348 524 2381 Vltimum
535 2347 721 2382 aduentum.
741 2349 935 2399 Qanquam
947 2357 1034 2398 enim
1043 2346 1083 2399 ad

241 2397 383 2432 dextram
392 2395 492 2430 Patris
502 2393 613 2430 sedens
622 2395 730 2429 caeli&
748 2404 837 2428 terrae
846 2404 985 2438 imperio
996 2404 1082 2448 poti-

241 2455 306 2481 tur,
317 2450 348 2480 &
361 2456 398 2478 ex
409 2456 475 2490 quo
485 2443 518 2476 in
528 2444 638 2478 caelum
649 2441 788 2476 ascendit
797 2442 867 2476 data
877 2441 923 2476 est
931 2442 961 2475 ei
972 2453 1082 2496 omnis

237 2492 390 2541 potestas,
400 2502 434 2528 vt
442 2503 551 2526 coram
562 2503 602 2525 eo
615 2490 761 2526 flectatur
779 2502 879 2544 omne
887 2501 971 2537 genu
983 2504 991 2523 :
1008 2502 1082 2538 quia

238 2554 347 2577 tamen
358 2541 505 2575 nondum
515 2539 623 2574 hostes
631 2539 702 2573 suos
712 2537 1079 2591 subegitmodumnappa-

237 2590 302 2624 ruit
313 2587 425 2624 mundi
440 2588 606 2627 iudex‚nec
616 2585 779 2622 manifesta
789 2586 834 2621 est
843 2587 912 2620 eius
921 2587 1078 2626 inaiesta8‚

236 2651 307 2672 non
315 2637 421 2683 inepte
430 2637 546 2672 dicitur
555 2633 657 2672 abess'e
666 2635 683 2670 a
692 2635 754 2670 suis
765 2635 870 2670 donec
879 2645 1010 2689 orn-atus
1020 2647 1080 2669 no-

235 2678 280 2720 uo
289 2685 468 2732 principatu
478 2685 594 2719 iterum
613 2684 732 2718 redeat.
754 2685 878 2718 Verum
893 2683 1024 2737 quidem
1034 2683 1080 2719 est

236 2747 311 2770 eum
321 2745 406 2768 nunc
416 2745 550 2780 regnare
558 2756 568 2769 ‚
580 2733 655 2767 dum
669 2730 739 2766 suos
748 2742 918 2778 regenerat
928 2743 967 2765 iri
980 2743 1079 2789 vrta'm

236 2781 392 2817 caelestem
402 2805 412 2818 ,
423 2786 453 2816 ὅ(
465 2781 502 2815 ad
514 2780 581 2815 Dei
592 2780 769 2826 imaginem
780 2779 1079 2827 refingit‚Angehs-

235 2837 299 2879 que
309 2827 448 2868 associat,
459 2830 534 2864 dum
545 2827 646 2863 verbo
657 2827 712 2862 suo
723 2827 883 2876 gubernat
891 2828 1077 2867 Ecclesiam,

236 2890 344 2914 tuetur
355 2877 410 2912 suo
421 2875 717 2923 praefidio,Spiritus
726 2876 821 2911 donis
829 2876 1013 2922 locupletat,
1026 2874 1076 2931 fo-

235 2938 288 2962 uet
296 2926 346 2961 sua
356 2923 651 2972 gratia‚virtuteque
661 2922 977 2971 sustinet‚suppeditat
987 2926 1077 2960 deni-

235 2988 298 3024 que
307 2975 461 3023 quicquid
475 2972 645 3007 necessaria
655 2971 700 3006 est
709 2973 742 3006 in
753 2972 859 3011 salute,
871 2973 945 3008 dum
958 2977 1076 3008 Satanae

234 3023 450 3071 omnir'mique
459 3022 635 3068 impiorum
644 3019 786 3056 furorem
796 3020 1076 3066 copescitmmnes-

237 3084 299 3118 que
310 3071 473 3106 machinas
484 3068 618 3116 diffipat:
631 3069 683 3103 sed
692 3069 766 3117 quia
776 3070 863 3102 carni
871 3068 1075 3124 absconditus

237 3119 282 3153 est
296 3119 349 3155 hic
359 3119 517 3166 regnandi
528 3118 644 3153 modus
653 3140 664 3156 ,
674 3117 803 3164 proprie
815 3119 847 3151 in
860 3119 1010 3172 vltimum
1025 3120 1075 3153 die

237 3167 525 3202 eiu-&manifestatio
535 3163 782 3212 differtur-Ergo
792 3178 891 3211 quum
901 3178 994 3215 regni
1005 3179 1075 3220 vm-

237 3212 327 3249 bram
337 3216 426 3251 stult&
437 3215 712 3263 apprehenderent
722 3213 1074 3260 Apostolifpronuntiat

239 3262 403 3298 Dominus
412 3265 524 3309 procul
537 3263 594 3297 sibi
605 3263 809 3310 quaerendum
820 3260 881 3298 esse
889 3274 1074 3312 regnumve

238 3321 362 3343 moram
375 3309 454 3346 ferre
465 3311 594 3345 discant.

274 3368 301 3401 13
324 3359 449 3391 Vocaetis
465 3357 712 3402 decemseruis.)
720 3361 799 3399 Non
813 3360 856 3395 ita
866 3361 900 3394 in
913 3360 1074 3394 seruorum

238 3409 376 3438 numero
387 3417 419 3440 vt
428 3407 460 3440 in
473 3408 612 3451 pecuniae
631 3406 761 3442 summis
781 3409 872 3443 anxie
892 3408 1075 3442 haerendum

238 3451 294 3488 est.
319 3465 393 3488 nam
403 3453 570 3490 Matthaeus
588 3455 724 3491 diuersas
734 3454 870 3492 summas
889 3457 1079 3503 exprimens,

1940 157 2007 194 259

1732 195 1820 240 quod
1832 196 1948 235 scilicet
1959 210 2002 238 115

1162 233 1315 268 omnibus
1324 236 1442 280 aequale
1453 241 1640 282 negotiandi
1649 254 1729 276 onus
1739 243 1887 278 Christus
1897 258 2001 283 iniun-

1160 281 1279 328 gat,sed
1291 283 1346 315 vni
1356 285 1530 318 comittens
1540 288 1683 333 exiguam
1695 289 1848 326 summam
1861 315 1870 330 ‚
1883 296 1999 332 maiori

1158 334 1299 373 petuniae
1310 332 1444 365 alterum
1454 332 1616 378 praeficiat.
1634 346 1671 371 ln
1680 339 1743 373 hoc
1756 340 1854 374 ambo
1865 340 1999 376 consen-

1157 377 1355 424 tiuntffvsquc
1363 381 1401 413 ad
1413 382 1561 416 vltimum
1572 384 1656 418 diem
1669 385 1996 424 resurrectiomscnri

1156 423 1334 460 stumasuis
1347 430 1595 475 quodammodo
1613 445 1808 480 pe2egtinar1
1839 454 1849 471 .·
1873 440 1996 473 interea

1155 475 1235 508 verb
1259 475 1396 509 minime
1415 476 1664 515 consentaneum
1691 482 1752 517 eise
1779 495 1811 518 vt
1829 486 1925 520 otiosi
1945 486 1994 521 se-

1156 521 1294 556 deantac
1311 524 1442 559 inutiles
1460 538 1468 558 :
1487 525 1617 573 singulis
1627 530 1714 564 enim
1737 544 1858 567 certum
1878 548 1995 570 munus

1154 568 1214 602 effe
1231 570 1412 606 iniunGtum
1435 574 1468 607 in
1480 587 1545 621 quo
1566 574 1596 610 se
1611 589 1794 614 exerceant:
1807 582 1924 617 debere
1934 584 1997 632 igi-

1153 627 1204 651 tur
1214 622 1251 652 ad
1263 621 1495 667 negotiandum
1513 624 1657 660 intentos
1675 627 1754 666 esse,
1780 639 1814 663 vt
1832 641 1900 663 rem
1921 633 1996 665 Do»

1153 667 1234 700 mini
1247 668 1376 704 strenue
1390 680 1575 715 procurent.
1600 674 1794 721 Simpliciter
1805 679 1883 712 dicit
1893 692 1996 714 Lucas

1152 715 1256 748 datam
1268 717 1382 763 cuique
1394 718 1454 752 effe
1465 721 1583 754 minam
1594 745 1604 760 ,
1616 724 1688 770 quia
1700 723 1842 771 fiueplus
1854 726 1917 761 iiue
1931 729 1994 762 nii-

1149 773 1207 796 nus
1217 763 1313 798 nobis
1323 769 1578 814 committat‚pro
1590 769 1618 804 se
1629 770 1761 819 quisque
1771 775 1929 810 rationem
1939 788 1993 822 pa-

1148 810 1227 844 riter
1246 812 1366 847 reddet.
1404 817 1533 851 Plenior
1544 822 1598 864 (vt
1613 821 1698 859 dixi)
1711 826 1741 856 &
1767 822 1937 870 expreslior
1947 823 2148 885 ⁶¹¹252r1f¹²4aei

1147 858 1336 898 Matthaeus,
1352 863 1407 908 qui
1418 865 1532 908 gradus
1551 870 1647 912 ponit
1658 869 1838 906 distinctos.
1866 874 1990 908 Scimus

1149 905 1236 938 enim
1249 918 1315 940 non
1326 911 1481 945 oti-nibus
1490 914 1669 957 promiscue*
1680 919 1863 954 Dominum
1878 922 1992 969 largiri

1147 955 1281 988 eandem
1296 956 1458 992 donorum
1472 960 1670 1003 mensuram,
1682 963 1733 999 sed
1744 969 1828 1002 varie
1836 981 1932 1015 prout
1942 972 1992 1004 vi-

1145 999 1213 1035 sum
1224 1002 1269 1036 est
1281 1003 1519 1045 distribuere—‚vt
1527 1009 1579 1053 alij
1590 1013 1670 1047 alios
1677 1017 1867 1058 praecellant.
1886 1021 1990 1054 Porro

1145 1051 1300 1098 quicquid
1315 1052 1348 1086 in
1372 1067 1432 1089 nos
1443 1059 1606 1092 donorum
1617 1062 1792 1096 contulerit
1811 1067 1990 1108 Dominus,

1143 1096 1276 1134 sciamus
1293 1101 1390 1136 instar
1406 1106 1546 1149 pecuniae
1557 1111 1637 1152 apud
1649 1121 1709 1143 nos
1719 1108 1778 1144 efl'e
1797 1113 1988 1160 depositum,

1145 1158 1178 1180 vt
1188 1147 1264 1182 inde
1274 1149 1396 1196 aliquid
1407 1153 1484 1186 lucri
1496 1157 1677 1199 proueniat.
1694 1159 1791 1193 Nihil
1802 1162 1889 1195 enim
1904 1165 1992 1198 indi-

1145 1195 1240 1242 gnius
1251 1197 1296 1232 est
1312 1199 1407 1246 quam
1426 1202 1490 1235 Dei
1502 1213 1770 1252 gratias(quarum
1781 1210 1829 1244 vis
1839 1212 1871 1243 in
1883 1207 1989 1247 fruetu

1144 1243 1435 1292 consistit)sepultas
1446 1251 1556 1291 latere,
1569 1254 1670 1289 necin
1683 1256 1824 1305 aliquem
1836 1256 1926 1294 vsum
1938 1273 1991 1295 ac-

1145 1296 1362 1330 commodari.
1864 1317 1867 1321 “

1180 1351 1211 1386 15
1250 1343 1369 1378 Matth.
1396 1347 1429 1378 V
1429 1350 1570 1392 nicuique
1571 1348 1740 1391 ficundizrn
1745 1359 1899 1402 propriam
1899 1358 1965 1400 fi‘c·
1968 1359 1988 1402 )

1144 1388 1215 1422 Hac
1227 1402 1307 1424 voce
1316 1395 1361 1426 ηό
1379 1392 1529 1429 discernit
1540 1399 1687 1434 Christus
1699 1414 1840 1437 naturam
1851 1404 1868 1438 ὲ
1885 1406 1989 1452 Spiri-

1144 1447 1194 1470 tus
1204 1437 1310 1473 donis:
1324 1442 1408 1475 nulla
1418 1444 1503 1477 enim
1516 1446 1558 1478 est
1570 1449 1618 1480 vel
1631 1451 1750 1493 potetia
1758 1453 1807 1485 vel
1819 1453 1987 1489 dexteritas

1144 1496 1212 1530 quae
1227 1490 1271 1521 rio
1281 1487 1528 1537 debeataccepta
1538 1491 1647 1529 referri
1661 1499 1748 1532 Deo.
1772 1503 1884 1548 ltaque
1901 1501 1987 1550 quis-

1143 1535 1214 1578 quis
1223 1537 1332 1580 partiri
1344 1549 1416 1571 cum
1430 1542 1506 1573 Deo
1515 1544 1603 1576 volet
1615 1546 1718 1582 ,nihil
1731 1547 1788 1582 sibi
1805 1547 1899 1584 faciet
1910 1550 1987 1585 refi-

1142 1583 1348 1631 duuni.Qid
1369 1598 1448 1632 ergo
1457 1587 1513 1621 fibi
1526 1591 1592 1625 vult
1604 1597 1691 1639 quod
1703 1595 1927 1640 paterfamilifis
1937 1600 1986 1634 di-

1140 1629 1221 1663 citur
1233 1631 1361 1677 singulis
1371 1636 1441 1679 plus
1451 1638 1500 1669 vel
1512 1640 1618 1673 minus
1629 1645 1835 1679 committere
1845 1669 1855 1684 ,
1874 1647 1985 1682 secun-

1141 1680 1216 1711 dum
1239 1681 1389 1729 cuiusque
1408 1682 1604 1720 facultatem?
1642 1692 1773 1737 Nempe
1792 1697 1866 1741 quia
1883 1698 1988 1735 Deus,

1140 1738 1239 1772 prout
1250 1740 1402 1775 quenque
1413 1732 1565 1778 disposuit
1577 1759 1587 1774 ,
1605 1741 1637 1772 &
1653 1742 1846 1776 natwralibus
1856 1747 1985 1779 orn-mit

1140 1775 1236 1809 donis
1246 1798 1257 1814 ,
1276 1777 1318 1812 ita
1330 1780 1426 1814 etiam
1436 1780 1501 1816 hoc
1515 1785 1565 1818 vel
1576 1785 1655 1819 illud
1667 1787 1805 1836 iniungis
1817 1817 1824 1828 ‚
1845 1792 1876 1824 in
1889 1792 1986 1826 rebus

1139 1825 1272 1870 agendis
1281 1838 1424 1868 exercet,
1442 1832 1594 1876 prouehit
1611 1836 1649 1868 ad
1669 1838 1770 1871 varias
1789 1837 1984 1878 functiones,

1139 1874 1304 1908 materiam
1316 1878 1463 1921 praeclare
1474 1882 1589 1926 agendi
1600 1881 1776 1929 suppeditat
1785 1909 1794 1924 ‚
1815 1888 1983 1922 occafione

1138 1921 1235 1956 etiam
1247 1925 1410 1970 proponit.
1428 1927 1571 1963 Ridiculi
1585 1934 1662 1966 vero
1675 1932 1744 1966 sunt
1756 1934 1894 1979 Papissae,
1905 1936 1983 1970 dum

1137 1967 1213 2014 hiric
1225 1972 1383 2019 colligunt
1400 1973 1529 2020 singulis
1539 1977 1677 2012 conferri
1692 1980 1753 2013 Dei
1765 1982 1850 2015 dona
1868 1980 1983 2017 secun-

1137 2015 1214 2050 dum
1226 2020 1334 2052 meriti
1345 2019 1389 2054 sui
1400 2023 1548 2057 modum.
1559 2027 1646 2058 Nam
1662 2026 1716 2059 etfi
1727 2039 1816 2062 vetus
1826 2030 1982 2076 interpres

1137 2075 1259 2097 nomen
1271 2067 1412 2102 Virtutis
1421 2068 1537 2114 posuit,
1549 2083 1615 2105 non
1626 2073 1782 2109 intellexit
1805 2099 1816 2115 ,
1841 2089 1936 2124 prout
1949 2078 1980 2113 se

1135 2109 1284 2156 gesserint
1292 2112 1445 2150 homines
1454 2139 1464 2155 ,
1474 2118 1638 2167 laude'mq3
1651 2122 1777 2158 virtutis
1788 2125 1892 2171 adepti
1905 2126 1975 2166 lint,

1134 2159 1303 2195 Diuinitus
1312 2165 1438 2197 ornari:
1459 2165 1510 2200 sed
1519 2167 1644 2203 tantuin
1663 2183 1817 2218 quatenus
1834 2174 1976 2209 idoneos

1133 2205 1659 2251 paterfamiliasiudicauit-Scimus
1667 2230 1771 2253 autem
1782 2222 1947 2257 neminem
1958 2223 1977 2257 a

1133 2256 1210 2288 Deo
1222 2256 1376 2297 idoneum
1387 2261 1519 2304 reperiri
1531 2264 1635 2299 donec
1645 2264 1974 2306 fecerinEeGraecum

1132 2313 1253 2336 nomen
1266 2304 1483 2355 Judapissquo
1495 2310 1563 2345 vsus
1572 2312 1615 2348 est
1628 2313 1793 2357 Christus,
1805 2319 1896 2353 omni
1905 2331 1974 2353 am-

1132 2348 1289 2396 biguitate
1299 2365 1394 2388 caret.

1960 2415 1967 2422 .
1981 2402 2093 2430 Negotia)

1165 2409 1207 2431 20
1243 2402 1583 2449 Qiquinquetalema.
1593 2411 1616 2450 )
1636 2411 1800 2447 Dicuntur
1809 2414 1968 2461 negotiari
1979 2432 2102 2464 quud-mm

1130 2447 1185 2493 qui
1197 2447 1315 2483 Vtiliter
1325 2450 1518 2498 impendunt
1528 2456 1682 2505 quicquid
1694 2464 1782 2495 Deus
1794 2464 1874 2509 apud
1887 2463 1970 2509 ipsos

1130 2494 1422 2540 deposuit.Piorum
1434 2502 1521 2536 enim
1534 2505 1598 2538 vita
1607 2509 1822 2553 negotiationi
1833 2513 1903 2557 apte
1912 2515 1971 2545 εὸ-

1130 2541 1315 2590 ferrurtquia
1325 2548 1410 2581 vltro
1420 2550 1569 2598 citroque
1587 2554 1626 2587 ad
1649 2556 1821 2591 fouendam
1836 2560 1970 2594 societa-

1129 2602 1193 2625 tem
1204 2591 1287 2626 inter
1299 2593 1327 2628 se
1336 2598 1527 2633 contrahere
1537 2599 1671 2636 debent.
1688 2605 1838 2640 industria
1849 2618 1968 2646 autem,

1130 2651 1189 2684 qua
1200 2639 1333 2688 quisque
1342 2657 1456 2680 munus
1466 2645 1522 2680 sibi
1535 2651 1717 2686 mandatum
1729 2654 1904 2699 exequitur,
1915 2657 1966 2701 ip·
2003 2656 2006 2659 ’

1127 2685 1219 2734 {eique
1229 2690 1501 2729 vocatio,facu1tas
1511 2695 1592 2731 bene
1600 2700 1762 2744 agendi-&⁷
1771 2702 1892 2748 reliqua
1903 2704 1966 2737 do-

1128 2748 1167 2769 na
1178 2736 1210 2769 in
1222 2738 1380 2772 mercibus
1390 2741 1595 2787 deputantur:
1606 2747 1678 2791 quia
1689 2748 1822 2795 adhunc
1833 2748 1919 2785 vsum
1932 2756 1966 2787 &

1127 2783 1225 2818 finem
1237 2784 1377 2830 spectant
1391 2799 1425 2821 vr
1436 2800 1542 2824 mutua
1558 2791 1593 2824 sit
1606 2794 1688 2828 inter
1706 2795 1858 2832 homines
1871 2812 1965 2833 com-

1127 2833 1314 2867 municatio.
1338 2835 1470 2869 Fructus
1481 2849 1585 2873 antem
1604 2843 1691 2876 cuius
1704 2845 1854 2879 meminit
1864 2847 1965 2880 Chri-

1126 2880 1200 2919 stus,
1211 2883 1393 2915 communis
1402 2883 1447 2918 est
1455 2886 1570 2920 vtilitas
1581 2900 1648 2934 quae
1659 2892 1722 2925 Dei
1733 2891 1870 2938 gloriam
1888 2896 1963 2929 illu-

1124 2928 1207 2962 strat.
1215 2931 1404 2976 Qanquam
1416 2933 1501 2967 enim
1511 2935 1602 2970 Deus
1612 2950 1708 2983 opera
1720 2941 1824 2975 nostra
1834 2955 1900 2976 non
1912 2944 1961 2977 di-

1127 2987 1280 3015 tatur,nec
1293 2978 1402 3011 crescit
1413 3001 1424 3018 ,
1435 2991 1467 3016 vt
1477 2992 1582 3017 tamen
1593 2986 1725 3032 quisque
1745 2988 1890 3024 iratribus
1900 2990 1961 3024 suis

1131 3025 1265 3059 maxime
1276 3026 1421 3070 prodest,
1433 3042 1466 3062 ac
1476 3030 1596 3066 Vtiliter
1607 3034 1638 3067 in
1651 3048 1763 3070 eorum
1774 3036 1902 3072 filutem
1913 3051 1963 3073 ac-

1125 3073 1311 3107 commodat
1321 3086 1387 3119 quae
1398 3075 1415 3110 31
1434 3078 1508 3112 Deo
1519 3082 1639 3128 accepit
1655 3084 1759 3124 dona,
1783 3086 1826 3120 ita
1845 3086 1962 3121 dicitur

1124 3118 1261 3154 frustum
1272 3123 1321 3156 vel
1331 3124 1455 3159 lucrum
1467 3125 1521 3171 ipsi
1533 3130 1610 3163 Deo
1621 3128 1744 3166 afferre.
1765 3135 1864 3167 Tanti
1876 3135 1965 3168 enim

1123 3168 1293 3202 hominum
1305 3169 1434 3206 salutem
1445 3174 1576 3210 aestimat
1587 3179 1713 3214 caelestis
1724 3184 1859 3219 Pater,vt
1871 3184 1963 3227 quic-

1121 3216 1199 3262 quid
1212 3216 1242 3250 in
1253 3229 1321 3252 eam
1332 3219 1541 3261 confertur‚in
1551 3224 1616 3260 suas
1628 3231 1766 3261 rationes
1777 3230 1852 3263 velit
1861 3228 1963 3264 refer-

1121 3265 1160 3298 ri.
1198 3266 1301 3300 Porro
1322 3279 1364 3302 ne
1381 3266 1550 3318 fatigemur
1568 3272 1651 3309 bene
1671 3276 1796 3322 agendo
1813 3289 1961 3323 pronun-

1124 3312 1182 3345 tiat
1199 3312 1346 3348 Clu-istus
1367 3329 1433 3350 non
1454 3319 1579 3354 irritum
1597 3320 1665 3356 fore
1681 3335 1793 3358 eorum
1810 3324 1959 3360 laborem

1126 3359 1181 3406 qui
1206 3359 1236 3397 se
1255 3362 1392 3407 fideliter
1417 3366 1451 3400 in
1482 3366 1533 3401 sua
1558 3371 1729 3404 vocatione
1753 3375 1962 3408 exercuerint.

1127 3410 1222 3454 Apud
1234 3411 1352 3445 Lucam
1365 3413 1443 3447 dicit
1460 3415 1575 3460 praefici
1595 3418 1735 3464 quinque
1754 3420 1887 3455 vrbibus
1905 3423 1960 3469 qui

1128 3458 1271 3506 quinque
1289 3460 1390 3496 minas
1406 3462 1541 3497 lucratus
1552 3464 1597 3499 fit.
1616 3467 1733 3514 quibus
1743 3468 1850 3503 verbis
1861 3471 1966 3516 expri-

1729 3527 1748 3563 y
1789 3528 1836 3561 ιιη
