2310 3841
259 1234 340 1254 Gen-r.

386 221 460 262 ξω(
940 197 1015 240 IN
1075 190 1290 238 ACTA
1355 190 1619 235 APOST.

383 281 479 315 fastos
486 274 614 311 fuissem
624 265 894 303 nihillenl‘erintAEt
905 266 1014 310 duplex
1023 266 1125 309 potuit
1135 262 1193 298 esse
1204 263 1296 298 causa,
1304 273 1355 295 cur
1363 263 1466 299 lumen
1485 265 1572 294 Deus
1581 257 1730 303 refulgere
1750 255 1937 291 voluerirwel
1946 266 1978 291 vt
1990 267 2028 289 eo
2035 268 2137 293 vtere.

385 337 432 360 tui·
443 328 620 357 Petrus‚nec
632 316 762 349 tenebrae
772 313 864 357 ipsum
875 313 1067 356 impedirent:
1075 310 1124 344 vel
1133 321 1164 343 vt
1175 309 1290 352 lignum
1300 307 1342 340 illi
1352 306 1424 339 effet
1439 307 1556 339 caelestis
1574 306 1685 349 gloriae.
1707 306 1787 347 Saepe
1805 304 1886 335 enirn
1904 302 2050 346 legimus,
2067 315 2138 337 cum

386 369 505 410 fulgore
514 361 676 407 apparuiffe
685 361 831 403 Angelos,
841 360 929 391 etiarn
940 368 1032 400 quum
1049 355 1091 388 sol
1100 356 1230 387 lucebat.
1252 351 1345 385 Cert‘e
1362 355 1467 385 Petrus
1483 353 1542 384 Dei
1554 350 1734 394 praesentiam
1753 349 1896 392 colligere
1906 349 2011 381 debuit
2021 360 2058 381 ex
2068 350 2139 383 luce

390 412 515 445 insolita:
528 413 559 442 δε
571 407 727 439 simuleam
739 408 769 436 in
779 403 860 437 vsum
878 403 960 436 suum
979 400 1221 434 accommodare.
1245 398 1341 438 de
1362 409 1378 428 Α
1395 410 1413 428 n
1428 410 1448 429 o
1462 406 1478 428 ε
1493 408 1508 427 i.
1519 408 1537 428 ν
1549 409 1562 428 s
1579 396 1662 428 Petri
1681 394 1757 426 latus
1768 394 1898 437 percutit
1910 392 2141 436 ‚hincapparen

389 457 478 501 quim
495 454 626 486 solicitus
637 452 670 484 sit
679 451 716 483 de
726 451 784 482 suis
792 452 876 480 Deus
884 470 894 486 ,
904 448 955 490 qui
966 458 1020 490 pro
1029 444 1252 493 dorngientibus
1262 442 1377 485 vigilat,
1387 445 1419 474 &
1430 443 1540 474 excitat
1557 449 1719 482 torpentes.
1742 441 1777 470 Er
1789 438 1855 470 sane
1876 438 1949 469 nihil
1958 439 2049 476 nobis
2057 438 2144 471 mise.

392 505 453 535 rius
464 523 472 537 ,
483 498 570 531 sisela
581 507 700 540 precum
711 496 872 527 nostrarum
883 492 1030 526 affiduitas
1038 493 1138 522 Deum
1148 489 1178 519 in
1190 488 1327 520 excubiis
1337 488 1490 519 retineret.
1502 497 1568 518 nam
1578 496 1632 527 pro
1641 483 1814 515 infirmitate
1824 493 1919 515 carnis
1929 483 2030 514 nostrae
2039 484 2142 517 defici.

393 556 477 579 mus,
497 547 528 577 &
539 542 662 575 maxime
673 551 748 583 opus
757 539 903 572 habemus
911 538 974 569 eius
983 535 1093 568 auxilio
1105 543 1215 575 :quum
1226 542 1342 564 mentes
1358 532 1460 564 nostrae
1478 531 1537 563 alib
1547 529 1693 562 abstraCtae
1703 550 1713 564 ,
1732 526 1826 569 ipsum
1838 538 1898 558 non
1918 537 2059 569 quaerunt.
2088 530 2143 561 So-

395 588 640 631 mnus,quaedam
651 586 755 618 mortis
767 586 867 627 imago
879 583 917 615 est
928 604 935 617 ,
947 581 997 624 qui
1008 578 1166 612 suffocatos
1185 580 1216 610 &
1236 578 1364 609 obrutos
1379 588 1463 609 tenet
1479 585 1586 607 ornnes
1604 572 1790 614 senilis-quid
1809 571 1899 604 nobis
1917 573 2051 609 fieret,fi
2067 582 2144 607 tune

393 638 479 667 Deus
489 644 543 666 nos
552 632 695 674 respicere
703 629 868 662 desineret?
883 624 1031 659 Caeterum
1044 647 1052 661 ‚
1064 625 1131 666 quia
1141 622 1245 654 fideles
1254 641 1263 657 ,
1273 632 1366 665 quum
1379 619 1542 660 dormitum
1552 618 1724 651 concedunt
1734 638 1743 652 ,
1761 615 1838 648 suam
1850 620 1918 648 Deo
1928 615 2049 650 salutem
2059 612 2153 650 comi

396 678 541 713 mendant
553 700 563 712 ‚
574 678 614 709 ita
622 676 657 710 fit
668 698 677 713 ,
689 686 720 709 vt
728 674 848 707 somnus
858 682 978 715 quoque
988 679 1095 702 eorum
1106 690 1115 705 ,
1125 671 1224 699 Deum
1237 668 1369 699 inuocet.
1405 665 1500 707 de
1511 665 1604 696 statim
1616 663 1679 706 post
1692 661 1782 693 verba
1799 661 1908 705 Angeli
1919 684 1927 698 ,
1942 673 1954 692 a
1972 675 1991 693 0
2006 675 2021 695 ι,
2037 676 2054 695 v
2065 675 2084 696 τ
2098 676 2115 695 Α
2129 676 2144 697 ς

395 722 480 756 fuiffe
491 733 608 755 catenas
618 731 722 753 narrat:
735 721 804 751 hinc
813 717 984 759 colligimus
995 714 1060 746 satis
1075 714 1105 745 in
1115 712 1178 744 solo
1195 713 1255 744 Dei
1273 711 1415 744 mandato
1430 709 1489 742 effe
1499 709 1639 752 potentiae
1655 707 1692 739 ad
1709 705 1879 739 tollendum
1898 718 1990 740 omne
1997 708 2146 741 obstaculi

396 779 492 812 genus
501 790 511 804 ,
522 778 613 810 quum
626 766 762 799 videntur
773 763 905 804 viidique
917 761 971 792 viae
980 769 1086 791 omnes
1095 757 1249 790 obstructae
1259 769 1266 788 :
1276 757 1316 789 ita
1327 756 1346 787 fi
1357 757 1429 789 velit
1440 755 1538 787 sedare
1547 754 1696 786 bellorum
1711 761 1809 782 motus
1820 772 1829 787 ,
1839 751 1951 783 etiamsi
1964 764 2047 785 totus
2059 764 2147 787 mun.

398 815 452 847 dus
463 813 495 845 fit
506 814 535 844 in
545 812 645 850 armis,
653 812 760 843 lanceae
768 808 905 851 protinus
915 809 945 839 &
956 804 1046 849 gladij
1058 804 1073 836 ἐ
1083 804 1220 835 manibus
1229 801 1400 834 concident:
1412 800 1515 833 contra
1523 799 1543 831 si
1560 798 1642 830 bello
1652 807 1707 828 nos
1719 797 1791 828 velit
1803 807 1835 827 ac
1845 807 1965 838 peccata
1975 798 2072 830 nostra
2081 809 2148 840 per-

398 859 493 901 sequi,
502 866 658 890 momento
671 878 679 892 ‚
690 864 794 887 eorum
805 852 854 896 qui
866 852 947 895 prius
958 849 1052 893 quieti
1061 848 1155 880 dediti
1164 857 1247 880 erant
1256 869 1266 883 ‚
1275 846 1436 878 feruebunt
1448 845 1538 877 animi
1550 863 1559 878 ‚
1571 846 1602 876 &
1614 852 1717 874 manus
1734 841 1853 883 gladios
1863 843 2016 883 arripient.
2051 843 2148 883 Qud

399 903 547 946 sigillatim
557 900 647 934 refert
660 905 751 932 Lucas
762 909 821 931 tam
833 897 925 931 verba
935 893 1043 937 Angeli
1056 915 1065 930 ,
1074 893 1164 935 quani
1175 893 1218 925 rei
1237 891 1322 935 gestae
1331 891 1435 924 seriem
1447 912 1457 927 ,
1467 891 1503 922 ad
1514 889 1638 921 historiae
1655 887 1857 919 certitudinen
1874 884 1944 920 facit
1955 898 1963 918 ι
1974 898 2005 920 vt
2016 890 2100 919 omni
2113 898 2150 920 ex

399 959 484 992 parte
495 948 631 981 testatum
643 946 691 977 fiat
704 943 848 976 diuinitus
859 942 1018 973 liberatum
1028 937 1085 970 effe
1095 941 1230 969 Petrum.

443 1006 460 1029 9
494 997 541 1025 Ne
551 1004 562 1022 s
572 1004 628 1024 cia
637 1003 651 1022 B
660 1002 698 1021 Ατ
723 988 804 1032 quod
816 997 918 1020 verum
931 983 1026 1024 effer.)
1048 986 1118 1014 Non
1129 983 1253 1024 putabat
1263 979 1385 1023 quidem
1395 979 1481 1012 inane
1492 988 1543 1011 aut
1552 978 1637 1010 fallax
1646 973 1702 1008 effe
1713 975 1859 1018 spectrum
1871 997 1880 1012 ‚
1889 975 2149 1018 quemadmodum

400 1037 471 1081 saepe
482 1039 619 1070 homines
628 1035 776 1078 praestigiis
787 1031 903 1064 deludit
911 1032 998 1061 Satan
1009 1027 1074 1059 :sed
1087 1038 1104 1057 v
1117 1039 1133 1058 iz
1148 1039 1166 1058 a
1176 1039 1192 1058 v
1206 1038 1226 1056 Μ
1237 1023 1286 1057 hic
1297 1035 1352 1066 pro
1360 1035 1398 1056 eo
1409 1025 1524 1067 capitur
1536 1045 1545 1060 ,
1554 1023 1635 1065 quod
1647 1021 1678 1053 fit
1689 1020 1859 1053 naturaliter
1868 1023 1899 1053 δι
1909 1021 2044 1052 humano
2053 1032 2151 1055 more.

401 1083 533 1116 notanda
544 1082 584 1114 est
594 1083 674 1114 enim
685 1076 925 1112 antithefisinter
941 1084 1004 1105 rem
1022 1070 1111 1114 ipsam
1131 1074 1164 1103 δε
1179 1069 1334 1103 visionem.
1376 1070 1472 1101 Porrb
1488 1090 1498 1105 ,
1517 1067 1568 1100 etsi
1587 1066 1731 1099 visionem
1742 1064 1799 1097 effe
1817 1075 1921 1107 putat,
1932 1075 2090 1108 promptus
2107 1076 2152 1099 η.

405 1139 476 1160 men
488 1128 527 1160 cst
538 1127 572 1158 ad
584 1124 758 1168 parendum:
769 1131 829 1164 quo
841 1120 903 1152 eius
913 1117 1089 1150 obedientia
1099 1117 1251 1158 probatur:
1261 1115 1331 1145 dum
1340 1113 1402 1145 solo
1410 1115 1519 1156 Angeli
1528 1110 1601 1145 iussu
1611 1120 1847 1146 contentus,non
1857 1110 2050 1151 inquirir‚nec
2059 1110 2151 1144 disce.

408 1183 470 1218 ptat
480 1173 552 1216 quid
562 1171 613 1202 sibi
623 1169 770 1212 agendum
783 1165 814 1197 fit
826 1187 834 1202 ,
843 1164 891 1196 sed
903 1163 1059 1206 exequitur
1067 1159 1212 1202 quod'sibi
1222 1158 1392 1191 mandatum
1401 1159 1452 1190 est.

452 1230 482 1249 ιο
517 1220 576 1257 Qv
586 1227 603 1247 ν
614 1227 632 1246 Μ
656 1223 755 1245 autem
775 1207 1023 1253 pertransissent.)
1059 1209 1180 1238 Poterat
1195 1207 1278 1236 Deus
1293 1214 1451 1236 momento
1468 1213 1531 1236 vno
1548 1204 1671 1233 Petrum
1689 1210 1792 1242 rapere
1810 1211 1818 1230 ε
1844 1197 1892 1232 sed
1911 1199 2035 1233 successu
2055 1199 2152 1234 varias

260 1262 374 1288 nmmo.
405 1261 592 1295 difficultates
601 1255 801 1300 superat,qub
821 1256 916 1287 maior
927 1251 997 1285 effer
1018 1250 1150 1284 miraculi
1173 1250 1275 1293 gloria.
1309 1250 1356 1280 Sic
1365 1248 1509 1280 mundum
1524 1247 1573 1278 seit
1590 1246 1695 1276 diebus
1713 1245 1844 1278 creauit,
1864 1255 1923 1276 non
1944 1247 2153 1288 qubdtempo-

260 1299 313 1323 bar.

303 3464 422 3490 Mattius,

303 3497 363 3522 bno.

404 1308 444 1340 ris
452 1305 678 1348 spatioliaberet
688 1312 782 1345 opus,
792 1298 841 1332 sed
851 1310 882 1332 vt
893 1309 947 1330 nos
958 1299 988 1328 in
1009 1307 1135 1338 operum
1147 1295 1264 1326 suorum
1283 1293 1482 1324 meditatione
1493 1292 1599 1323 melius
1617 1289 1737 1321 sisteret.
1751 1300 1818 1320 nam
1836 1290 1945 1332 agendi
1956 1292 2102 1323 rationem
2113 1289 2152 1323 ad

406 1361 527 1394 captum
537 1349 668 1382 nostrum
686 1343 817 1388 fideique
825 1342 992 1387 profectum
1003 1349 1189 1382 attemperat.
1226 1341 1256 1371 Si
1266 1338 1388 1380 repente
1403 1337 1419 1370 ὲ
1429 1348 1545 1369 carcere
1555 1337 1585 1368 in
1597 1335 1719 1366 domum
1731 1353 1740 1368 ‚
1752 1334 1803 1365 vbi
1820 1333 1923 1367 fratres
1933 1346 2015 1369 erant
2026 1347 2155 1380 congre-

405 1397 467 1439 gati
479 1418 487 1432 ‚
497 1398 604 1427 Petrus
614 1403 712 1436 raptus
722 1390 794 1425 esset
804 1413 813 1428 ‚
822 1401 878 1424 vna
888 1392 919 1422 δε
931 1387 1050 1430 simplex
1059 1385 1159 1431 agnita
1168 1382 1267 1418 fuisset
1275 1383 1416 1415 liberatio
1426 1403 1436 1419 ,
1449 1393 1528 1415 nunc
1539 1382 1612 1413 vero
1623 1379 1689 1423 plus
1705 1380 1805 1412 decies
1814 1378 1899 1412 fuisse
1908 1380 2073 1415 liberatum
2083 1392 2156 1425 qua-

405 1441 427 1473 fi
437 1441 533 1474 oculis
543 1439 701 1472 cernimus,
903 1436 905 1438 ’

451 1497 475 1518 η
507 1488 561 1518 Τν
574 1495 593 1514 κ
608 1495 627 1516 c
652 1487 755 1515 Petrus
763 1478 798 1512 ad
810 1478 837 1510 se
848 1476 942 1520 ipsum
952 1472 1120 1514 reuersus.)
1143 1473 1192 1505 Ad
1203 1472 1329 1506 verbum
1341 1472 1382 1504 est
1392 1494 1401 1509 ,
1411 1472 1512 1505 Faetus
1522 1471 1552 1501 in
1567 1468 1675 1512 seipso,
1688 1469 1756 1512 quja
1765 1468 1845 1512 prius
1856 1481 1888 1502 fe
1904 1469 2056 1512 inopinam
2067 1472 2099 1503 ἃ,
2109 1470 2156 1502 ἰη-

407 1530 548 1563 credibili
558 1529 721 1564 attonitus,
730 1523 809 1569 quafi
821 1533 900 1555 eXtra
908 1521 936 1554 se
946 1520 1037 1563 ipsum
1047 1530 1119 1551 erat.
1129 1530 1210 1550 nunc
1218 1519 1339 1551 demum
1351 1527 1491 1558 tanquam
1501 1515 1565 1558 post
1574 1514 1692 1546 ecstasin
1702 1520 1728 1545 le
1744 1515 1758 1545 ἐι
1778 1526 1875 1548 morte
1887 1526 2023 1557 ereptum
2040 1526 2156 1558 cogno-

406 1574 470 1608 scit.
503 1575 602 1607 Verba
612 1575 675 1606 eius
683 1583 745 1614 quae
757 1575 847 1602 Lucas
859 1565 1122 1602 refert,continent
1131 1564 1292 1606 gratiarum
1303 1561 1462 1594 astionem.
1474 1571 1540 1591 nam
1559 1560 1616 1590 Dei
1633 1558 1817 1590 beneficium
1834 1561 1917 1601 quod
1935 1571 1996 1592 erat
2005 1570 2156 1602 expertus,

406 1619 505 1653 secum
515 1619 646 1652 celebrat
655 1640 665 1654 ‚
675 1621 706 1649 δε
716 1616 768 1647 sibi
779 1613 915 1656 praedicat
924 1631 934 1645 ,
946 1611 1045 1642 donec
1056 1608 1130 1639 alios
1142 1608 1269 1649 reperiat
1279 1606 1377 1637 testes.
1395 1617 1416 1636 Μ
1426 1617 1436 1636 r
1452 1616 1465 1635 s
1484 1616 1496 1633 s
1515 1617 1531 1635 v
1545 1615 1565 1633 Μ
1577 1603 1669 1634 ὲῡεο
1687 1603 1836 1645 Angelum
1856 1604 1940 1638 dicit,
1951 1615 1985 1636 ex
2001 1605 2157 1637 communi

406 1667 527 1707 piorum
539 1662 618 1695 sensu
630 1684 638 1697 ‚
649 1663 702 1704 qui
711 1659 845 1701 Angelos
854 1665 958 1688 tenent
969 1653 1024 1685 sibi
1036 1652 1052 1684 a
1060 1655 1130 1686 Deo
1141 1653 1302 1684 destinatos
1312 1650 1368 1682 esre
1378 1650 1526 1681 ministros
1535 1671 1545 1684 ‚
1555 1649 1591 1679 ad
1611 1648 1755 1690 agendam
1765 1646 1860 1679 salutis
1879 1647 1931 1680 suae
1940 1659 2049 1681 curam.
2066 1650 2119 1681 nisi
2127 1661 2161 1682 e.

409 1709 471 1741 nim
481 1709 583 1740 animo
591 1707 653 1739 eius
662 1708 720 1738 iam
730 1703 817 1735 infixa
827 1699 924 1733 fuiffet
932 1699 999 1731 talis
1009 1696 1151 1740 persuasio
1163 1719 1172 1733 ,
1184 1693 1365 1728 nonfacere:
1375 1695 1561 1725 mentionem
1572 1693 1691 1734 Angeli.
1711 1694 1748 1723 Et
1758 1701 1857 1723 tamen
1875 1693 2024 1735 Angelum
2035 1695 2161 1728 minime

408 1754 542 1785 celebrat
551 1761 691 1793 tanquam
701 1748 798 1792 gratiae
807 1745 976 1778 authorem:
984 1742 1033 1774 sed
1041 1752 1137 1773 totam
1149 1738 1374 1782 operislaudem
1385 1739 1435 1770 vni
1448 1741 1515 1768 Deo
1524 1737 1671 1768 adscribit.
1707 1740 1773 1766 Nec
1781 1736 1854 1768 verb
1861 1738 1968 1780 Ange-li
1978 1737 2056 1770 suam
2066 1750 2161 1780 opem

409 1798 481 1830 ideo
492 1798 582 1829 nobis
593 1795 779 1836 impendunt,
790 1800 822 1822 vt
833 1789 880 1821 vel
899 1788 1054 1820 minimam
1073 1785 1174 1827 gloriae
1191 1785 1249 1815 Dei
1261 1793 1372 1824 partem
1391 1782 1422 1812 in
1437 1781 1463 1813 se
1479 1783 1625 1812 deriuent.
1659 1781 1764 1820 Qum
1783 1782 1857 1812 dicit
1877 1794 1888 1812 s
1899 1793 1916 1813 ι
1929 1783 2065 1824 ereptum
2077 1782 2162 1818 essee

411 1853 500 1874 manu
515 1839 655 1874 Herodis,
664 1839 701 1868 ab
713 1836 802 1867 hostis
811 1833 850 1864 sui
861 1830 998 1874 porentia
1007 1829 1168 1870 amplificat
1176 1828 1234 1859 Dei
1246 1826 1440 1859 beneficium.
1475 1823 1588 1857 Eodem
1599 1825 1729 1866 pertinet
1737 1825 1819 1866 quod
1828 1826 1910 1858 addit
1921 1826 1956 1858 de
1965 1827 2080 1860 Iudaeis.
2091 1839 2162 1862 narn

410 1886 472 1929 qub
483 1886 577 1917 maior
587 1893 649 1914 erat
660 1881 788 1912 hostium
799 1885 940 1909 numerus
951 1897 960 1911 ,
972 1873 1009 1905 eb
1019 1873 1162 1917 iiifignior
1172 1872 1231 1904 Dei
1242 1871 1334 1916 gratia
1342 1869 1398 1903 fuit
1407 1881 1476 1914 erga
1495 1870 1609 1903 seruum
1617 1868 1700 1902 suurn
1712 1870 1797 1912 :quia
1807 1880 1948 1915 magnum
1958 1872 2012 1909 est,
2021 1884 2081 1906 vno
2090 1875 2162 1907 Deo

409 1930 554 1975 propitio,
564 1926 669 1961 infesta
678 1925 772 1960 totius
781 1921 885 1955 mundi
895 1920 964 1953 odia
972 1920 1052 1952 irrita
1063 1918 1233 1951 concidere.

465 2034 504 2060 12
550 2024 597 2057 Et
606 2013 821 2070 considerans
830 2013 933 2053 venit
945 2013 983 2050 in
994 2008 1133 2048 domum
1143 2015 1187 2048 M
1188 2009 1267 2048 ariae
1276 2006 1394 2047 mamb
1404 2004 1540 2046 [ommi
1550 2034 1560 2052 ,
1571 2007 1632 2060 qui
1642 2002 1946 2062 cognominabatur
1952 2014 2105 2057 Marem,
2115 2007 2165 2048 v:

410 2076 447 2118 bi
456 2086 554 2117 erant
562 2074 664 2115 muln·
677 2074 866 2129 congregati
877 2070 916 2115 ά
925 2078 1112 2123 precantes.
2159 2057 2165 2065 ⁴

459 2147 490 2185 13
536 2138 660 2185 Qum
670 2141 786 2170 autem
791 2123 943 2185 pufflzffet
953 2130 1077 2164 Petrus
1097 2121 1147 2162 ad
1160 2113 1300 2162 ianuam
1309 2119 1387 2174 atrff
1395 2147 1406 2169 ,
1425 2115 1552 2175 prodfft
1558 2116 1669 2174 puella
1679 2116 1728 2156 ad
1733 2116 2010 2171 aufiultandum,
2020 2125 2164 2164 nomine

413 2189 580 2230 Rhode).
1877 2200 1880 2203 ,

475 2261 488 2286 1
496 2262 522 2295 4
565 2251 594 2283 Ε
598 2255 611 2281 t
620 2255 724 2297 quum
734 2238 915 2296 agnouiffi’t
924 2252 1044 2278 vocem
1052 2241 1168 2286 Petri,
1175 2248 1242 2293 prae
1253 2232 1385 2292 gaudio
1404 2244 1475 2272 non
1496 2231 1629 2289 aperuit
1648 2232 1776 2271 atrium
1786 2250 1799 2271 .·
1810 2230 1903 2273 intrb
1911 2231 1997 2274 verb
2013 2250 2164 2287 currens,

418 2304 608 2346 nuntiauit,
619 2306 754 2338 Petrum
760 2298 849 2349 stare
856 2307 938 2336 ante
948 2298 1085 2336 atrium.

464 2373 497 2412 15
534 2358 586 2396 Illi
597 2366 709 2393 autem
722 2353 887 2392 dixerunt
897 2353 948 2392 ad
953 2349 1185 2403 eam-Infimis.
1196 2347 1267 2389 Sed
1271 2348 1328 2387 illa
1328 2344 1457 2400 fhrtius
1465 2342 1671 2400 affeuerabat
1680 2346 1731 2384 ita
1739 2359 1812 2386 rem
1821 2344 1954 2387 habere.
1979 2348 2034 2388 Idi
2044 2359 2163 2390 autem

421 2411 749 2466 dicebant:Angelus
760 2412 832 2448 eius
844 2413 903 2448 eff.

465 2479 502 2512 16
533 2478 652 2511 Petrus
662 2477 776 2506 autem
782 2462 1015 2520 perstuerabat
1023 2457 1323 2518 pulsz'mdo.Qum
1336 2453 1718 2512 aperuifflnt‚viderunt
1728 2472 1804 2498 eum
1813 2489 1824 2505 ‚
1837 2457 1876 2505 (ξφ
1887 2457 2134 2514 obstupuerunt·

469 2541 514 2579 17
543 2525 611 2583 Ipse
622 2538 732 2564 autem
739 2525 917 2577 pofi‘quam
934 2533 1040 2560 mama
1051 2517 1115 2557 illu·
1130 2516 1266 2571 fignum
1276 2513 1375 2552 dedit
1383 2543 1392 2558 ,
1404 2511 1591 2566 vtfilerent
1601 2544 1611 2561 ,
1635 2519 1791 2553 narrauit
1801 2517 1968 2569 quomodo
1979 2518 2081 2574 ipfitm
2091 2529 2169 2560 Do-
2198 2549 2201 2553 -

422 2588 537 2624 minus
547 2579 742 2623 eduxerat}
759 2593 936 2619 carcero.
963 2577 1068 2616 Dixit
1076 2585 1205 2613 autem:
1214 2572 1387 2610 Nuntiate
1398 2567 1511 2609 Iacobo
1523 2568 1733 2625 &flatibus
1741 2570 1816 2610 luc.
1846 2578 1893 2610 Et
1911 2573 2051 2628 earesfhs
2070 2576 2155 2616 inde
2214 2598 2217 2601 ,

423 2644 463 2681 in
472 2642 579 2682 alium
588 2640 695 2678 locum
701 2635 867 2690 proserius
879 2635 934 2688 est.
1923 2607 1948 2628 ὁ
2155 2606 2168 2623 ’

488 2711 502 2738 ι
508 2700 529 2737 8
568 2695 744 2749 Postquam
753 2690 829 2732 dies
837 2683 1197 2739 venit,tumultusfhit
1203 2697 1273 2722 non
1278 2696 1406 2739 paruus
1415 2682 1508 2721 inter
1515 2682 1655 2730 milites,
1660 2683 1829 2738 quidnam
1828 2682 1961 2738 famum
1972 2683 2049 2739 rffit
2058 2695 2168 2728 Petro,

483 2766 523 2800 19
553 2751 708 2793 Herodes
718 2760 831 2788 autem
842 2763 948 2804 quum
957 2741 1135 2801 requififfi't
1144 2756 1232 2788 eum,
1243 2755 1304 2779 nec
1314 2736 1537 2794 imtemffitye
1547 2743 1679 2796 cognita
1689 2741 1778 2794 iuss'tt
1789 2743 1942 2781 carrades
1953 2741 2084 2784 abduci,

472 2865 502 2885 ιι
534 2856 548 2884 1
559 2865 578 2884 n
604 2862 625 2882 r>
638 2864 656 2882 0
668 2861 751 2883 ΜνΜ
775 2861 795 2880 Μ
810 2861 826 2879 Α
842 2859 860 2878 a
876 2858 888 2878 x
904 2845 963 2887 a.)
989 2848 1121 2889 Apparet
1131 2853 1198 2875 rarae
1217 2839 1333 2885 pietatis
1350 2837 1433 2872 fuisse
1447 2850 1635 2878 matronam,
1653 2840 1736 2872 cuius
1753 2841 1859 2874 domus
1870 2842 2020 2885 quoddam
2032 2853 2092 2876 erat
2111 2845 2170 2877 Dei
2197 2823 2203 2826 -

433 2898 579 2940 templum
590 2919 599 2934 ‚
609 2897 660 2928 vbi
671 2895 806 2927 solebant
817 2893 880 2924 fieri
897 2891 1021 2924 fratrum
1042 2897 1216 2921 conuentus.
1259 2883 1405 2917 Caeterum
1415 2907 1424 2920 ,
1439 2884 1511 2916 dicit
1526 2889 1618 2918 Lucas
1640 2897 1661 2916 Μ
1675 2897 1694 2918 ν
1706 2899 1722 2917 ι
1736 2898 1753 2916 τ
1766 2898 1784 2916 o
1799 2897 1812 2921 .s
1834 2886 1894 2919 illic
1910 2886 1992 2920 fuiffe
2007 2898 2171 2932 congrega-

435 2952 485 2973 tos
495 2964 504 2978 ,
515 2943 584 2984 quia
594 2951 686 2984 quum
696 2950 757 2971 non
767 2936 884 2981 possent
894 2946 1001 2970 ornnes
1012 2933 1096 2965 fimul
1106 2932 1214 2974 absque
1224 2931 1332 2963 timore
1343 2939 1442 2960 motus
1452 2930 1583 2971 publici,
1601 2931 1754 2963 turmatim
1767 2931 1796 2961 in
1808 2930 1921 2964 diuersa
1937 2933 2018 2965 vrbis
2035 2932 2101 2965 loca
2139 2944 2173 2968 vt

437 2986 632 3018 commodum
644 2994 703 3018 erat
712 3006 721 3020 ,
734 2983 938 3015 confluebant.
971 2984 1077 3022 Neque
1088 2978 1167 3010 enim
1178 2976 1284 3009 dubito
1294 2996 1304 3012 ,
1314 2974 1386 3017 quin
1396 2974 1466 3005 alibi
1476 2985 1596 3018 quoque
1613 2974 1723 3007 fuerint
1732 2975 1863 3013 colleaae
1879 2986 1979 3010 turmae
1989 2987 1996 3006 :
2006 2979 2074 3018 quja
2084 2956 2172 3010 m’jni,

437 3030 487 3063 me
495 3030 639 3062 credibile
649 3029 689 3062 est
702 3028 801 3060 multis
812 3038 846 3059 ex
855 3027 948 3069 vulgo
959 3024 1091 3057 fidelium
1109 3020 1298 3065 precantibus
1310 3039 1318 3054 ‚
1335 3018 1494 3060 Apostolos
1503 3021 1541 3051 ab
1552 3020 1661 3052 eodem
1679 3020 1781 3050 officio
1798 3019 1912 3053 cessarie
1921 3023 1971 3056 ,δε
1980 3031 2064 3053 tantae
2074 3024 2176 3057 multi..

438 3075 551 3108 tudinis
562 3075 670 3107 domus
678 3084 735 3105 vna
751 3082 840 3114 capax
848 3082 909 3103 non
920 3068 1025 3103 fuiffet.
1069 3070 1191 3109 Semper
1199 3076 1295 3099 autem
1313 3063 1517 3095 circumstantia
1533 3064 1679 3106 temporis
1688 3064 1818 3097 tenenda
1828 3066 1886 3102 est,
1895 3059 1977 3107 qubd
1986 3067 2108 3100 ardente
2117 3069 2176 3100 ho.

441 3119 526 3153 stium
538 3118 644 3152 saeuitia
654 3140 664 3154 ,
673 3117 790 3149 collec'ti
801 3127 900 3149 tamen
910 3114 1029 3147 fuerunt
1040 3113 1159 3155 piorum
1170 3121 1276 3145 coetusi
1286 3119 1352 3142 iiam
1360 3107 1380 3139 si
1391 3109 1510 3151 quando
1526 3110 1600 3143 vtile
1611 3109 1652 3142 est
1663 3108 1727 3141 hoc
1745 3105 1918 3142 exercitium
1927 3131 1938 3146 ‚
1948 3120 2020 3143 tunc
2029 3113 2175 3157 praecipue

441 3162 635 3198 necessarium
644 3161 768 3197 est,dum
779 3161 885 3192 instant
895 3170 976 3192 acres
984 3157 1151 3190 conflictus.
1722 3186 1725 3190 Δ

476 3220 504 3247 15
539 3211 597 3250 Q
609 3219 628 3241 v
640 3217 661 3239 Μ
670 3206 796 3249 pulsaret
803 3206 839 3238 ad
849 3203 1095 3251 ianuam.)Qum
1107 3201 1234 3243 puellam
1246 3197 1375 3241 defipere
1386 3196 1510 3229 credunt
1519 3216 1528 3232 ,
1539 3208 1601 3240 quae
1609 3197 1724 3230 nuntiat
1735 3199 1854 3232 Petrum
1864 3195 2048 3231 adeffethinc
2058 3200 2177 3244 colligi.

442 3263 510 3286 mus
517 3253 599 3285 Petri
606 3251 814 3284 liberationem
824 3250 947 3282 minime
955 3246 1036 3280 fuisse
1048 3247 1084 3278 ab
1095 3247 1151 3278 illis
1161 3245 1312 3288 speratam,
1322 3252 1418 3284 neque
1427 3250 1525 3274 tamen
1537 3243 1669 3274 dicemus
1677 3252 1810 3284 precatos
1818 3240 1878 3273 sine
1887 3242 1945 3275 fide
1954 3243 2092 3286 effezquia
2101 3246 2177 3278 alios

445 3297 596 3339 profedhis
603 3295 818 3339 spectabantwt
826 3296 930 3326 Petrus
939 3293 1049 3326 scilicet
1063 3291 1164 3324 caelesti
1175 3292 1283 3324 virtute
1291 3296 1429 3322 armatus,
1439 3284 1498 3318 fiue
1508 3298 1558 3328 per
1568 3288 1656 3318 viram
1666 3306 1675 3321 ‚
1688 3286 1746 3318 flue
1754 3297 1808 3328 pei·
1819 3297 1946 3319 mortem
1956 3289 1993 3320 ad
2005 3289 2160 3331 glorificari
2169 3304 2177 3318 .·

444 3341 516 3373 dum
527 3342 636 3374 Christi
645 3351 757 3373 nomen
767 3348 883 3380 paratus
891 3337 962 3369 effer
976 3347 1031 3368 :ne
1042 3346 1115 3378 grex
1124 3336 1259 3368 violento
1269 3333 1406 3376 luporum
1418 3332 1530 3362 incursu
1541 3333 1660 3363 territus
1670 3331 1864 3372 dissiparetur,
1874 3333 1964 3374 nequi
1975 3332 2085 3365 infirmi
2095 3335 2179 3367 laba.

441 3384 599 3433 scerentwt
607 3386 756 3418 Dominus
765 3383 847 3415 illum
856 3381 1068 3423 persecutionis
1075 3381 1226 3414 turbinem
1237 3377 1494 3417 discuteret.Atqui
1506 3376 1654 3407 Dominus
1664 3375 1729 3417 plus
1738 3375 1796 3406 illis
1806 3377 1892 3417 quam
1901 3376 2175 3418 sperauerant‚con-
2229 3373 2236 3379 ”

442 3426 710 3478 εςᾶεξξρἶωοηίε
718 3429 764 3461 sua
772 3428 907 3459 bonitate
918 3425 1062 3467 superauit
1071 3435 1175 3457 eorum
1185 3435 1264 3459 vota.
1297 3425 1386 3455 Nunc
1395 3420 1477 3462 quod
1496 3419 1603 3452 faClum
1615 3420 1667 3456 est,
1676 3420 1735 3452 illis
1754 3420 1870 3453 videtur
1880 3421 2068 3457 incredibile,
2076 3433 2107 3456 vt
2116 3435 2179 3456 ma·

445 3484 489 3516 gis
499 3473 535 3505 ad
545 3475 750 3515 celebrandam
759 3474 816 3505 Dei
825 3472 967 3503 virtutem
978 3470 1154 3501 excitentur.

487 3520 511 3548 A
519 3530 536 3548 n
545 3529 586 3549 Ga
594 3529 646 3550 tvs
657 3520 720 3550 eius
728 3516 911 3559 est.)Angelu
921 3518 985 3547 eius
995 3513 1214 3556 nominant,qui
1225 3509 1369 3544 diuinitus
1380 3508 1422 3540 illi
1433 3507 1583 3550 appofitus
1592 3508 1625 3541 fit
1635 3505 1731 3539 custos
1742 3505 1879 3540 &salutis
1889 3509 2108 3551 minister.Qo
2119 3511 2193 3544 seni

441 3561 471 3593 su
481 3563 614 3596 Christus
624 3562 845 3606 dicit,Angelos
854 3560 1046 3605 paruulorum
1054 3557 1166 3603 semper
1175 3557 1276 3593 videre
1286 3555 1390 3589 faciem
1401 3553 1636 3590 Patris,Matchaei
1645 3552 1763 3586 decimo
1773 3554 1890 3586 octauo.
1904 3553 1999 3595 Qud
2013 3557 2081 3589 aure
2093 3558 2184 3600 vulga,

2112 3602 2183 3648 ¹¹³⁰}
