<?xml version="1.0" encoding="UTF-8"?>
<!DOCTYPE html PUBLIC "-//W3C//DTD XHTML 1.0 Transitional//EN"
    "http://www.w3.org/TR/xhtml1/DTD/xhtml1-transitional.dtd">
<html xmlns="http://www.w3.org/1999/xhtml" xml:lang="en" lang="en">
 <head>
  <title>
</title>
<meta http-equiv="Content-Type" content="text/html;charset=utf-8" />
  <meta name='ocr-system' content='tesseract 3.04.00' />
  <meta name='ocr-capabilities' content='ocr_page ocr_carea ocr_par ocr_line ocrx_word'/>
</head>
<body>
  <div class='ocr_page' id='page_1' title='image "./harmoniaexevange1614calv_0322.png"; bbox 0 0 2310 3841; ppageno 0'>
   <div class='ocr_carea' id='block_1_1' title="bbox 1804 73 1860 105">
    <p class='ocr_par' dir='ltr' id='par_1_1' title="bbox 1804 73 1860 105">
     <span class='ocr_line' id='line_1_1' title="bbox 1804 73 1842 82; baseline 0 -5"><span class='ocrx_word' id='word_1_1' title='bbox 1804 73 1809 82; x_wconf 60' lang='grc'>,</span> <span class='ocrx_word' id='word_1_2' title='bbox 1839 76 1842 77; x_wconf 24' lang='lat'><em>⁷</em></span> 
     </span>
     <span class='ocr_line' id='line_1_2' title="bbox 1847 86 1860 105; baseline 0 0"><span class='ocrx_word' id='word_1_3' title='bbox 1847 86 1860 105; x_wconf 85' lang='lat' dir='ltr'><em>l</em></span> 
     </span>
    </p>
   </div>
   <div class='ocr_carea' id='block_1_2' title="bbox 393 132 1632 199">
    <p class='ocr_par' dir='ltr' id='par_1_2' title="bbox 393 132 1632 199">
     <span class='ocr_line' id='line_1_3' title="bbox 393 132 1632 199; baseline -0.01 -13"><span class='ocrx_word' id='word_1_4' title='bbox 393 152 460 199; x_wconf 79' lang='lat'>306</span> <span class='ocrx_word' id='word_1_5' title='bbox 993 138 1069 182; x_wconf 84' lang='lat' dir='ltr'>1N</span> <span class='ocrx_word' id='word_1_6' title='bbox 1096 135 1354 181; x_wconf 74' lang='lat' dir='ltr'>HARMo.</span> <span class='ocrx_word' id='word_1_7' title='bbox 1379 132 1632 176; x_wconf 83' lang='lat' dir='ltr'>EVANG.</span> 
     </span>
    </p>
   </div>
   <div class='ocr_carea' id='block_1_3' title="bbox 391 201 1226 258">
    <p class='ocr_par' dir='ltr' id='par_1_3' title="bbox 391 201 1226 258">
     <span class='ocr_line' id='line_1_4' title="bbox 391 201 1226 258; baseline -0.014 -12"><span class='ocrx_word' id='word_1_8' title='bbox 391 205 618 258; x_wconf 67' lang='lat' dir='ltr'>templumque</span> <span class='ocrx_word' id='word_1_9' title='bbox 637 206 778 242; x_wconf 88' lang='lat' dir='ltr'>dirutum</span> <span class='ocrx_word' id='word_1_10' title='bbox 788 225 799 242; x_wconf 88' lang='lat'>‚</span> <span class='ocrx_word' id='word_1_11' title='bbox 811 213 881 239; x_wconf 81' lang='lat' dir='ltr'>tota</span> <span class='ocrx_word' id='word_1_12' title='bbox 890 201 982 252; x_wconf 83' lang='lat' dir='ltr'>regio</span> <span class='ocrx_word' id='word_1_13' title='bbox 993 202 1027 236; x_wconf 88' lang='lat' dir='ltr'>in</span> <span class='ocrx_word' id='word_1_14' title='bbox 1037 201 1226 248; x_wconf 87' lang='lat' dir='ltr'>stupendam</span> 
     </span>
    </p>
   </div>
   <div class='ocr_carea' id='block_1_4' title="bbox 362 246 1226 295">
    <p class='ocr_par' dir='ltr' id='par_1_4' title="bbox 362 246 1226 295">
     <span class='ocr_line' id='line_1_5' title="bbox 362 246 1226 295; baseline -0.015 0"><span class='ocrx_word' id='word_1_15' title='bbox 362 265 379 280; x_wconf 39' lang='grc' dir='ltr'>Χ</span> <span class='ocrx_word' id='word_1_16' title='bbox 394 258 575 295; x_wconf 84' lang='lat' dir='ltr'>vastitatem</span> <span class='ocrx_word' id='word_1_17' title='bbox 585 253 853 293; x_wconf 67' lang='lat' dir='ltr'>redacta,mundi</span> <span class='ocrx_word' id='word_1_18' title='bbox 869 251 1074 288; x_wconf 83' lang='lat' dir='ltr'>contumacia</span> <span class='ocrx_word' id='word_1_19' title='bbox 1088 246 1153 284; x_wconf 77' lang='lat' dir='ltr'>sese</span> <span class='ocrx_word' id='word_1_20' title='bbox 1171 248 1226 284; x_wconf 87' lang='lat' dir='ltr'>ad-</span> 
     </span>
    </p>
   </div>
   <div class='ocr_carea' id='block_1_5' title="bbox 393 297 1234 455">
    <p class='ocr_par' dir='ltr' id='par_1_5' title="bbox 393 297 1234 455">
     <span class='ocr_line' id='line_1_6' title="bbox 396 297 1228 344; baseline -0.016 0"><span class='ocrx_word' id='word_1_21' title='bbox 396 306 503 344; x_wconf 80' lang='lat' dir='ltr'>uersus</span> <span class='ocrx_word' id='word_1_22' title='bbox 512 309 621 341; x_wconf 88' lang='lat' dir='ltr'>Deum</span> <span class='ocrx_word' id='word_1_23' title='bbox 631 301 868 338; x_wconf 82' lang='lat' dir='ltr'>extulit.exarsit</span> <span class='ocrx_word' id='word_1_24' title='bbox 878 302 975 336; x_wconf 90' lang='lat' dir='ltr'>etiam</span> <span class='ocrx_word' id='word_1_25' title='bbox 985 299 1074 334; x_wconf 89' lang='lat' dir='ltr'>furor</span> <span class='ocrx_word' id='word_1_26' title='bbox 1084 299 1123 333; x_wconf 91' lang='lat' dir='ltr'>ad</span> <span class='ocrx_word' id='word_1_27' title='bbox 1133 297 1228 333; x_wconf 83' lang='lat' dir='ltr'>delen</span> 
     </span>
     <span class='ocr_line' id='line_1_7' title="bbox 393 346 1234 394; baseline -0.014 -3"><span class='ocrx_word' id='word_1_28' title='bbox 393 359 468 394; x_wconf 83' lang='lat' dir='ltr'>dam</span> <span class='ocrx_word' id='word_1_29' title='bbox 486 354 592 389; x_wconf 86' lang='lat' dir='ltr'>salutis</span> <span class='ocrx_word' id='word_1_30' title='bbox 603 352 907 390; x_wconf 60' lang='lat' dir='ltr'>doetrinannexorti</span> <span class='ocrx_word' id='word_1_31' title='bbox 919 350 990 384; x_wconf 90' lang='lat' dir='ltr'>sunt</span> <span class='ocrx_word' id='word_1_32' title='bbox 998 346 1064 382; x_wconf 79' lang='lat' dir='ltr'>falfi</span> <span class='ocrx_word' id='word_1_33' title='bbox 1076 349 1234 382; x_wconf 56' lang='lat' dir='ltr'>destores&#39;</span> 
     </span>
     <span class='ocr_line' id='line_1_8' title="bbox 394 396 1230 455; baseline -0.016 -15"><span class='ocrx_word' id='word_1_34' title='bbox 394 406 451 455; x_wconf 86' lang='lat' dir='ltr'>qui</span> <span class='ocrx_word' id='word_1_35' title='bbox 463 404 627 449; x_wconf 86' lang='lat' dir='ltr'>syncerum</span> <span class='ocrx_word' id='word_1_36' title='bbox 640 398 821 450; x_wconf 76' lang='lat' dir='ltr'>Euangelifi</span> <span class='ocrx_word' id='word_1_37' title='bbox 831 396 1230 445; x_wconf 80' lang='lat' dir='ltr'>suisimposturisperuer-</span> 
     </span>
    </p>
   </div>
   <div class='ocr_carea' id='block_1_6' title="bbox 362 443 1233 499">
    <p class='ocr_par' dir='ltr' id='par_1_6' title="bbox 362 443 1233 499">
     <span class='ocr_line' id='line_1_9' title="bbox 362 443 1233 499; baseline -0.015 -10"><span class='ocrx_word' id='word_1_38' title='bbox 362 459 363 462; x_wconf 78' lang='grc'>’</span> <span class='ocrx_word' id='word_1_39' title='bbox 392 451 629 499; x_wconf 78' lang='lat' dir='ltr'>terent‚religio</span> <span class='ocrx_word' id='word_1_40' title='bbox 639 450 731 485; x_wconf 88' lang='lat' dir='ltr'>miris</span> <span class='ocrx_word' id='word_1_41' title='bbox 742 449 851 484; x_wconf 86' lang='lat' dir='ltr'>modis</span> <span class='ocrx_word' id='word_1_42' title='bbox 862 445 1008 482; x_wconf 73' lang='lat' dir='ltr'>concussa</span> <span class='ocrx_word' id='word_1_43' title='bbox 1019 467 1029 484; x_wconf 90' lang='lat'>‚</span> <span class='ocrx_word' id='word_1_44' title='bbox 1040 455 1127 478; x_wconf 91' lang='lat' dir='ltr'>totus</span> <span class='ocrx_word' id='word_1_45' title='bbox 1137 443 1233 489; x_wconf 74' lang='lat' dir='ltr'>piorfi</span> 
     </span>
    </p>
   </div>
   <div class='ocr_carea' id='block_1_7' title="bbox 391 491 1265 3170">
    <p class='ocr_par' dir='ltr' id='par_1_7' title="bbox 391 491 1240 1521">
     <span class='ocr_line' id='line_1_10' title="bbox 396 491 1233 546; baseline -0.017 -9"><span class='ocrx_word' id='word_1_46' title='bbox 396 513 498 538; x_wconf 88' lang='lat' dir='ltr'>coetus</span> <span class='ocrx_word' id='word_1_47' title='bbox 515 500 628 536; x_wconf 78' lang='lat' dir='ltr'>misere</span> <span class='ocrx_word' id='word_1_48' title='bbox 637 511 766 534; x_wconf 81' lang='lat' dir='ltr'>vexatus</span> <span class='ocrx_word' id='word_1_49' title='bbox 776 495 848 532; x_wconf 85' lang='lat' dir='ltr'>fuit.</span> <span class='ocrx_word' id='word_1_50' title='bbox 857 499 1055 546; x_wconf 73' lang='lat' dir='ltr'>Qanquarn</span> <span class='ocrx_word' id='word_1_51' title='bbox 1066 495 1136 526; x_wconf 72' lang='lat' dir='ltr'>aute</span> <span class='ocrx_word' id='word_1_52' title='bbox 1149 491 1233 525; x_wconf 89' lang='lat' dir='ltr'>mul-</span> 
     </span>
     <span class='ocr_line' id='line_1_11' title="bbox 396 547 1232 597; baseline -0.013 -12"><span class='ocrx_word' id='word_1_53' title='bbox 396 551 438 586; x_wconf 87' lang='lat' dir='ltr'>tis</span> <span class='ocrx_word' id='word_1_54' title='bbox 448 548 557 597; x_wconf 88' lang='lat' dir='ltr'>postea</span> <span class='ocrx_word' id='word_1_55' title='bbox 574 547 687 584; x_wconf 82' lang='lat' dir='ltr'>seculis</span> <span class='ocrx_word' id='word_1_56' title='bbox 704 548 815 583; x_wconf 77' lang='lat' dir='ltr'>eadem</span> <span class='ocrx_word' id='word_1_57' title='bbox 840 547 922 579; x_wconf 85' lang='lat' dir='ltr'>mala</span> <span class='ocrx_word' id='word_1_58' title='bbox 940 553 1098 578; x_wconf 81' lang='lat' dir='ltr'>continuo</span> <span class='ocrx_word' id='word_1_59' title='bbox 1117 552 1232 595; x_wconf 80' lang='lat' dir='ltr'>tenore</span> 
     </span>
     <span class='ocr_line' id='line_1_12' title="bbox 397 587 1234 648; baseline -0.016 -14"><span class='ocrx_word' id='word_1_60' title='bbox 397 597 528 648; x_wconf 72' lang='lat' dir='ltr'>grassata</span> <span class='ocrx_word' id='word_1_61' title='bbox 537 597 696 633; x_wconf 73' lang='lat' dir='ltr'>sunttvere</span> <span class='ocrx_word' id='word_1_62' title='bbox 716 607 823 631; x_wconf 82' lang='lat' dir='ltr'>tamen</span> <span class='ocrx_word' id='word_1_63' title='bbox 846 593 970 627; x_wconf 70' lang='lat' dir='ltr'>dietum</span> <span class='ocrx_word' id='word_1_64' title='bbox 989 589 1073 631; x_wconf 70' lang='lat' dir='ltr'>suita</span> <span class='ocrx_word' id='word_1_65' title='bbox 1086 587 1234 626; x_wconf 81' lang='lat' dir='ltr'>Christo,</span> 
     </span>
     <span class='ocr_line' id='line_1_13' title="bbox 394 637 1237 686; baseline -0.017 -2"><span class='ocrx_word' id='word_1_66' title='bbox 394 658 472 684; x_wconf 84' lang='lat' dir='ltr'>ante</span> <span class='ocrx_word' id='word_1_67' title='bbox 481 646 582 682; x_wconf 86' lang='lat' dir='ltr'>finem</span> <span class='ocrx_word' id='word_1_68' title='bbox 593 647 688 680; x_wconf 86' lang='lat' dir='ltr'>vuius</span> <span class='ocrx_word' id='word_1_69' title='bbox 699 643 793 679; x_wconf 87' lang='lat' dir='ltr'>seculi</span> <span class='ocrx_word' id='word_1_70' title='bbox 810 641 922 676; x_wconf 87' lang='lat' dir='ltr'>fideles</span> <span class='ocrx_word' id='word_1_71' title='bbox 930 637 1071 686; x_wconf 85' lang='lat' dir='ltr'>reipsa&amp;</span> <span class='ocrx_word' id='word_1_72' title='bbox 1085 638 1171 673; x_wconf 88' lang='lat' dir='ltr'>claro</span> <span class='ocrx_word' id='word_1_73' title='bbox 1183 650 1237 671; x_wconf 86' lang='lat' dir='ltr'>ex-</span> 
     </span>
     <span class='ocr_line' id='line_1_14' title="bbox 396 684 1239 745; baseline -0.017 -13"><span class='ocrx_word' id='word_1_74' title='bbox 396 697 583 745; x_wconf 70' lang='lat' dir='ltr'>periri-ento</span> <span class='ocrx_word' id='word_1_75' title='bbox 593 694 736 730; x_wconf 84' lang='lat' dir='ltr'>sensuros</span> <span class='ocrx_word' id='word_1_76' title='bbox 747 690 842 738; x_wconf 72' lang='lat' dir='ltr'>quam</span> <span class='ocrx_word' id='word_1_77' title='bbox 855 701 969 723; x_wconf 88' lang='lat' dir='ltr'>verum</span> <span class='ocrx_word' id='word_1_78' title='bbox 990 686 1065 722; x_wconf 72' lang='lat' dir='ltr'>effer</span> <span class='ocrx_word' id='word_1_79' title='bbox 1081 684 1172 720; x_wconf 88' lang='lat' dir='ltr'>suum</span> <span class='ocrx_word' id='word_1_80' title='bbox 1183 698 1239 722; x_wconf 87' lang='lat' dir='ltr'>va-</span> 
     </span>
     <span class='ocr_line' id='line_1_15' title="bbox 399 735 1240 786; baseline -0.017 -5"><span class='ocrx_word' id='word_1_81' title='bbox 399 745 562 782; x_wconf 84' lang='lat' dir='ltr'>ticinium.</span> <span class='ocrx_word' id='word_1_82' title='bbox 572 757 648 778; x_wconf 84' lang='lat' dir='ltr'>nam</span> <span class='ocrx_word' id='word_1_83' title='bbox 659 741 769 776; x_wconf 86' lang='lat' dir='ltr'>eadem</span> <span class='ocrx_word' id='word_1_84' title='bbox 781 737 856 786; x_wconf 85' lang='lat' dir='ltr'>paffi</span> <span class='ocrx_word' id='word_1_85' title='bbox 866 736 937 772; x_wconf 88' lang='lat' dir='ltr'>sunt</span> <span class='ocrx_word' id='word_1_86' title='bbox 951 735 1105 783; x_wconf 67' lang='lat' dir='ltr'>Apostoli</span> <span class='ocrx_word' id='word_1_87' title='bbox 1116 747 1183 782; x_wconf 82' lang='lat' dir='ltr'>quae</span> <span class='ocrx_word' id='word_1_88' title='bbox 1195 735 1240 767; x_wconf 88' lang='lat' dir='ltr'>ho</span> 
     </span>
     <span class='ocr_line' id='line_1_16' title="bbox 399 782 1240 831; baseline -0.015 -1"><span class='ocrx_word' id='word_1_89' title='bbox 399 795 452 831; x_wconf 89' lang='lat' dir='ltr'>die</span> <span class='ocrx_word' id='word_1_90' title='bbox 463 792 698 830; x_wconf 84' lang='lat' dir='ltr'>videmus.Nec</span> <span class='ocrx_word' id='word_1_91' title='bbox 709 789 788 824; x_wconf 80' lang='lat' dir='ltr'>vero</span> <span class='ocrx_word' id='word_1_92' title='bbox 799 786 934 822; x_wconf 82' lang='lat' dir='ltr'>consiliu</span> <span class='ocrx_word' id='word_1_93' title='bbox 941 798 972 820; x_wconf 86' lang='lat' dir='ltr'>m</span> <span class='ocrx_word' id='word_1_94' title='bbox 989 783 1113 820; x_wconf 80' lang='lat' dir='ltr'>Christi</span> <span class='ocrx_word' id='word_1_95' title='bbox 1124 782 1240 823; x_wconf 84' lang='lat' dir='ltr'>fuit‚fi-</span> 
     </span>
     <span class='ocr_line' id='line_1_17' title="bbox 400 832 1238 883; baseline -0.014 -6"><span class='ocrx_word' id='word_1_96' title='bbox 400 856 475 880; x_wconf 75' lang='lat' dir='ltr'>nem</span> <span class='ocrx_word' id='word_1_97' title='bbox 488 841 703 876; x_wconf 81' lang='lat' dir='ltr'>calamitatum</span> <span class='ocrx_word' id='word_1_98' title='bbox 712 839 796 872; x_wconf 86' lang='lat' dir='ltr'>intra</span> <span class='ocrx_word' id='word_1_99' title='bbox 807 836 959 883; x_wconf 82' lang='lat' dir='ltr'>exiguum</span> <span class='ocrx_word' id='word_1_100' title='bbox 969 844 1097 880; x_wconf 84' lang='lat' dir='ltr'>tempus</span> <span class='ocrx_word' id='word_1_101' title='bbox 1108 832 1168 867; x_wconf 85' lang='lat' dir='ltr'>suis</span> <span class='ocrx_word' id='word_1_102' title='bbox 1178 844 1238 878; x_wconf 89' lang='lat' dir='ltr'>pro</span> 
     </span>
     <span class='ocr_line' id='line_1_18' title="bbox 400 880 1238 936; baseline -0.014 -10"><span class='ocrx_word' id='word_1_103' title='bbox 400 889 620 936; x_wconf 84' lang='lat' dir='ltr'>mittere(quia</span> <span class='ocrx_word' id='word_1_104' title='bbox 632 888 696 929; x_wconf 74' lang='lat' dir='ltr'>hoc</span> <span class='ocrx_word' id='word_1_105' title='bbox 707 886 809 922; x_wconf 85' lang='lat' dir='ltr'>modo</span> <span class='ocrx_word' id='word_1_106' title='bbox 819 883 891 920; x_wconf 70' lang='lat' dir='ltr'>sect]</span> <span class='ocrx_word' id='word_1_107' title='bbox 901 882 966 929; x_wconf 80' lang='lat' dir='ltr'>ipse</span> <span class='ocrx_word' id='word_1_108' title='bbox 975 880 1160 930; x_wconf 83' lang='lat' dir='ltr'>pugnasset,</span> <span class='ocrx_word' id='word_1_109' title='bbox 1173 883 1238 929; x_wconf 72' lang='lat' dir='ltr'>quii</span> 
     </span>
     <span class='ocr_line' id='line_1_19' title="bbox 395 929 1239 988; baseline -0.013 -14"><span class='ocrx_word' id='word_1_110' title='bbox 395 940 484 988; x_wconf 87' lang='lat' dir='ltr'>prius</span> <span class='ocrx_word' id='word_1_111' title='bbox 494 940 699 974; x_wconf 77' lang='lat' dir='ltr'>admonuerit</span> <span class='ocrx_word' id='word_1_112' title='bbox 721 935 871 970; x_wconf 87' lang='lat' dir='ltr'>nondum</span> <span class='ocrx_word' id='word_1_113' title='bbox 883 930 944 972; x_wconf 79' lang='lat' dir='ltr'>effe</span> <span class='ocrx_word' id='word_1_114' title='bbox 958 931 1057 966; x_wconf 80' lang='lat' dir='ltr'>finem</span> <span class='ocrx_word' id='word_1_115' title='bbox 1069 935 1081 970; x_wconf 90' lang='lat'>)</span> <span class='ocrx_word' id='word_1_116' title='bbox 1093 929 1146 965; x_wconf 85' lang='lat' dir='ltr'>sed</span> <span class='ocrx_word' id='word_1_117' title='bbox 1154 941 1188 964; x_wconf 91' lang='lat' dir='ltr'>vt</span> <span class='ocrx_word' id='word_1_118' title='bbox 1199 929 1239 964; x_wconf 89' lang='lat' dir='ltr'>ad</span> 
     </span>
     <span class='ocr_line' id='line_1_20' title="bbox 396 979 1238 1028; baseline -0.015 -4"><span class='ocrx_word' id='word_1_119' title='bbox 396 987 602 1024; x_wconf 76' lang='lat' dir='ltr'>tolerantiam</span> <span class='ocrx_word' id='word_1_120' title='bbox 615 998 672 1021; x_wconf 87' lang='lat' dir='ltr'>eos</span> <span class='ocrx_word' id='word_1_121' title='bbox 682 985 858 1022; x_wconf 87' lang='lat' dir='ltr'>animaret,</span> <span class='ocrx_word' id='word_1_122' title='bbox 873 979 987 1028; x_wconf 61' lang='grc' dir='ltr'>ἀίζεηὲ</span> <span class='ocrx_word' id='word_1_123' title='bbox 998 979 1142 1026; x_wconf 70' lang='lat' dir='ltr'>praedixit</span> <span class='ocrx_word' id='word_1_124' title='bbox 1157 979 1195 1013; x_wconf 86' lang='lat' dir='ltr'>ad</span> <span class='ocrx_word' id='word_1_125' title='bbox 1210 979 1238 1011; x_wconf 93' lang='lat' dir='ltr'>i-</span> 
     </span>
     <span class='ocr_line' id='line_1_21' title="bbox 398 1026 1238 1085; baseline -0.015 -12"><span class='ocrx_word' id='word_1_126' title='bbox 398 1036 529 1085; x_wconf 86' lang='lat' dir='ltr'>psorum</span> <span class='ocrx_word' id='word_1_127' title='bbox 538 1045 663 1070; x_wconf 83' lang='lat' dir='ltr'>aetatem</span> <span class='ocrx_word' id='word_1_128' title='bbox 683 1028 1006 1080; x_wconf 68' lang='lat' dir='ltr'>spectareSenfiisest</span> <span class='ocrx_word' id='word_1_129' title='bbox 1017 1026 1136 1075; x_wconf 81' lang='lat' dir='ltr'>igitur⁸‚</span> <span class='ocrx_word' id='word_1_130' title='bbox 1156 1031 1238 1060; x_wconf 88' lang='lat' dir='ltr'>Pro-</span> 
     </span>
     <span class='ocr_line' id='line_1_22' title="bbox 397 1078 1236 1135; baseline -0.017 -13"><span class='ocrx_word' id='word_1_131' title='bbox 397 1087 542 1135; x_wconf 77' lang='lat' dir='ltr'>phetiam</span> <span class='ocrx_word' id='word_1_132' title='bbox 551 1085 635 1121; x_wconf 85' lang='lat' dir='ltr'>hanc</span> <span class='ocrx_word' id='word_1_133' title='bbox 647 1095 715 1117; x_wconf 88' lang='lat' dir='ltr'>non</span> <span class='ocrx_word' id='word_1_134' title='bbox 725 1080 785 1116; x_wconf 68' lang='lat' dir='ltr'>efl&#39;e</span> <span class='ocrx_word' id='word_1_135' title='bbox 798 1081 837 1115; x_wconf 84' lang='lat' dir='ltr'>de</span> <span class='ocrx_word' id='word_1_136' title='bbox 849 1079 942 1125; x_wconf 84' lang='lat' dir='ltr'>malis</span> <span class='ocrx_word' id='word_1_137' title='bbox 953 1078 1156 1123; x_wconf 82' lang='lat' dir='ltr'>longinquis,</span> <span class='ocrx_word' id='word_1_138' title='bbox 1167 1088 1236 1123; x_wconf 85' lang='lat' dir='ltr'>quae</span> 
     </span>
     <span class='ocr_line' id='line_1_23' title="bbox 394 1123 1236 1181; baseline -0.018 -10"><span class='ocrx_word' id='word_1_139' title='bbox 394 1136 513 1171; x_wconf 82' lang='lat' dir='ltr'>multis·</span> <span class='ocrx_word' id='word_1_140' title='bbox 525 1133 597 1181; x_wconf 87' lang='lat' dir='ltr'>post</span> <span class='ocrx_word' id='word_1_141' title='bbox 614 1126 726 1166; x_wconf 88' lang='lat' dir='ltr'>seculis</span> <span class='ocrx_word' id='word_1_142' title='bbox 745 1128 847 1164; x_wconf 84' lang='lat' dir='ltr'>visura</span> <span class='ocrx_word' id='word_1_143' title='bbox 857 1126 893 1161; x_wconf 87' lang='lat' dir='ltr'>fit</span> <span class='ocrx_word' id='word_1_144' title='bbox 903 1125 1073 1174; x_wconf 86' lang='lat' dir='ltr'>posteritas</span> <span class='ocrx_word' id='word_1_145' title='bbox 1081 1147 1092 1163; x_wconf 88' lang='lat'><em>‚</em></span> <span class='ocrx_word' id='word_1_146' title='bbox 1103 1123 1158 1158; x_wconf 87' lang='lat' dir='ltr'>sed</span> <span class='ocrx_word' id='word_1_147' title='bbox 1167 1135 1236 1170; x_wconf 86' lang='lat' dir='ltr'>quae</span> 
     </span>
     <span class='ocr_line' id='line_1_24' title="bbox 393 1173 1236 1229; baseline -0.017 -10"><span class='ocrx_word' id='word_1_148' title='bbox 393 1185 459 1219; x_wconf 85' lang='lat' dir='ltr'>iam</span> <span class='ocrx_word' id='word_1_149' title='bbox 480 1182 670 1229; x_wconf 57' lang='lat' dir='ltr'>impendent</span> <span class='ocrx_word' id='word_1_150' title='bbox 688 1203 698 1219; x_wconf 93' lang='lat'>,</span> <span class='ocrx_word' id='word_1_151' title='bbox 733 1183 764 1214; x_wconf 77' lang='grc' dir='ltr'>δι</span> <span class='ocrx_word' id='word_1_152' title='bbox 776 1178 908 1225; x_wconf 88' lang='lat' dir='ltr'>quidem</span> <span class='ocrx_word' id='word_1_153' title='bbox 927 1187 988 1209; x_wconf 88' lang='lat' dir='ltr'>vna</span> <span class='ocrx_word' id='word_1_154' title='bbox 1001 1173 1093 1208; x_wconf 84' lang='lat' dir='ltr'>simul</span> <span class='ocrx_word' id='word_1_155' title='bbox 1112 1184 1236 1223; x_wconf 77' lang='lat' dir='ltr'>conge-</span> 
     </span>
     <span class='ocr_line' id='line_1_25' title="bbox 394 1220 1235 1279; baseline -0.018 -11"><span class='ocrx_word' id='word_1_156' title='bbox 394 1234 490 1273; x_wconf 87' lang='lat' dir='ltr'>rie‚vt</span> <span class='ocrx_word' id='word_1_157' title='bbox 500 1229 627 1279; x_wconf 65' lang='lat' dir='ltr'>presens</span> <span class='ocrx_word' id='word_1_158' title='bbox 636 1239 700 1276; x_wconf 63' lang='lat' dir='ltr'>etas</span> <span class='ocrx_word' id='word_1_159' title='bbox 715 1227 834 1270; x_wconf 57' lang='lat' dir='ltr'>nullius</span> <span class='ocrx_word' id='word_1_160' title='bbox 845 1224 942 1272; x_wconf 85' lang='lat' dir='ltr'>partis</span> <span class='ocrx_word' id='word_1_161' title='bbox 951 1234 1062 1268; x_wconf 81' lang='lat' dir='ltr'>expers</span> <span class='ocrx_word' id='word_1_162' title='bbox 1071 1220 1175 1276; x_wconf 75' lang='lat' dir='ltr'>futura</span> <span class='ocrx_word' id='word_1_163' title='bbox 1187 1220 1235 1255; x_wconf 86' lang='lat' dir='ltr'>sit.</span> 
     </span>
     <span class='ocr_line' id='line_1_26' title="bbox 395 1270 1235 1329; baseline -0.018 -12"><span class='ocrx_word' id='word_1_164' title='bbox 395 1286 508 1329; x_wconf 88' lang='lat' dir='ltr'>Itaque</span> <span class='ocrx_word' id='word_1_165' title='bbox 521 1279 689 1314; x_wconf 61' lang='lat' dir='ltr'>nonninus</span> <span class='ocrx_word' id='word_1_166' title='bbox 709 1287 826 1310; x_wconf 76' lang='lat' dir='ltr'>omnes</span> <span class='ocrx_word' id='word_1_167' title='bbox 845 1274 1006 1308; x_wconf 85' lang='lat' dir='ltr'>malorum</span> <span class='ocrx_word' id='word_1_168' title='bbox 1025 1270 1143 1316; x_wconf 82' lang='lat' dir='ltr'>species</span> <span class='ocrx_word' id='word_1_169' title='bbox 1154 1282 1186 1303; x_wconf 90' lang='lat' dir='ltr'>m</span> <span class='ocrx_word' id='word_1_170' title='bbox 1199 1282 1235 1303; x_wconf 92' lang='lat' dir='ltr'>v-</span> 
     </span>
     <span class='ocr_line' id='line_1_27' title="bbox 394 1318 1234 1372; baseline -0.018 -6"><span class='ocrx_word' id='word_1_171' title='bbox 394 1343 469 1366; x_wconf 84' lang='lat' dir='ltr'>nam</span> <span class='ocrx_word' id='word_1_172' title='bbox 481 1340 606 1365; x_wconf 64' lang='lat' dir='ltr'>(etatem</span> <span class='ocrx_word' id='word_1_173' title='bbox 627 1336 808 1372; x_wconf 80' lang='lat' dir='ltr'>congerens</span> <span class='ocrx_word' id='word_1_174' title='bbox 822 1346 832 1362; x_wconf 89' lang='lat'>‚</span> <span class='ocrx_word' id='word_1_175' title='bbox 854 1321 991 1367; x_wconf 76' lang='lat' dir='ltr'>minime</span> <span class='ocrx_word' id='word_1_176' title='bbox 1000 1319 1041 1353; x_wconf 76' lang='lat' dir='ltr'>ab</span> <span class='ocrx_word' id='word_1_177' title='bbox 1051 1318 1162 1354; x_wconf 75' lang='lat' dir='ltr'>iisdem</span> <span class='ocrx_word' id='word_1_178' title='bbox 1175 1330 1234 1364; x_wconf 85' lang='lat' dir='ltr'>po·</span> 
     </span>
     <span class='ocr_line' id='line_1_28' title="bbox 391 1367 1234 1417; baseline -0.017 -3"><span class='ocrx_word' id='word_1_179' title='bbox 391 1379 494 1414; x_wconf 85' lang='lat' dir='ltr'>steros</span> <span class='ocrx_word' id='word_1_180' title='bbox 513 1373 708 1412; x_wconf 75' lang='lat' dir='ltr'>eximitssed</span> <span class='ocrx_word' id='word_1_181' title='bbox 724 1371 853 1407; x_wconf 63' lang='lat' dir='ltr'>tannim</span> <span class='ocrx_word' id='word_1_182' title='bbox 871 1370 1047 1417; x_wconf 87' lang='lat' dir='ltr'>discipulos</span> <span class='ocrx_word' id='word_1_183' title='bbox 1065 1369 1104 1403; x_wconf 90' lang='lat' dir='ltr'>ad</span> <span class='ocrx_word' id='word_1_184' title='bbox 1123 1367 1234 1402; x_wconf 83' lang='lat' dir='ltr'>onmia</span> 
     </span>
     <span class='ocr_line' id='line_1_29' title="bbox 392 1417 1136 1468; baseline -0.02 -5"><span class='ocrx_word' id='word_1_185' title='bbox 392 1428 575 1463; x_wconf 81' lang='lat' dir='ltr'>constanter</span> <span class='ocrx_word' id='word_1_186' title='bbox 588 1423 716 1459; x_wconf 86' lang='lat' dir='ltr'>ferenda</span> <span class='ocrx_word' id='word_1_187' title='bbox 727 1433 853 1468; x_wconf 83' lang='lat' dir='ltr'>paratos</span> <span class='ocrx_word' id='word_1_188' title='bbox 866 1417 927 1454; x_wconf 80' lang='lat' dir='ltr'>esse</span> <span class='ocrx_word' id='word_1_189' title='bbox 938 1419 1042 1452; x_wconf 81' lang='lat' dir='ltr'>iubet.</span> <span class='ocrx_word' id='word_1_190' title='bbox 1130 1463 1136 1468; x_wconf 35' lang='lat'><strong>⁴</strong></span> 
     </span>
     <span class='ocr_line' id='line_1_30' title="bbox 444 1465 1234 1521; baseline -0.015 -12"><span class='ocrx_word' id='word_1_191' title='bbox 444 1488 457 1521; x_wconf 85' lang='lat'>5</span> <span class='ocrx_word' id='word_1_192' title='bbox 499 1476 606 1510; x_wconf 76' lang='lat' dir='ltr'>Caelum</span> <span class='ocrx_word' id='word_1_193' title='bbox 618 1479 744 1512; x_wconf 61' lang='lat' dir='ltr'>&amp;terra</span> <span class='ocrx_word' id='word_1_194' title='bbox 763 1465 1056 1515; x_wconf 75' lang='lat' dir='ltr'>tranfibum.)Qo</span> <span class='ocrx_word' id='word_1_195' title='bbox 1076 1475 1234 1517; x_wconf 76' lang='lat' dir='ltr'>maiorem</span> 
     </span>
    </p>

    <p class='ocr_par' dir='ltr' id='par_1_8' title="bbox 394 1513 1265 2739">
     <span class='ocr_line' id='line_1_31' title="bbox 395 1513 1233 1561; baseline -0.019 0"><span class='ocrx_word' id='word_1_196' title='bbox 395 1525 493 1561; x_wconf 67' lang='lat' dir='ltr'>dictis</span> <span class='ocrx_word' id='word_1_197' title='bbox 504 1524 565 1558; x_wconf 86' lang='lat' dir='ltr'>suis</span> <span class='ocrx_word' id='word_1_198' title='bbox 577 1523 675 1558; x_wconf 86' lang='lat' dir='ltr'>fidem</span> <span class='ocrx_word' id='word_1_199' title='bbox 686 1519 856 1557; x_wconf 78' lang='lat' dir='ltr'>conciliet,</span> <span class='ocrx_word' id='word_1_200' title='bbox 867 1529 982 1552; x_wconf 84' lang='lat' dir='ltr'>eorum</span> <span class='ocrx_word' id='word_1_201' title='bbox 1003 1513 1233 1550; x_wconf 85' lang='lat' dir='ltr'>certitudinem</span> 
     </span>
     <span class='ocr_line' id='line_1_32' title="bbox 397 1560 1235 1621; baseline -0.019 -12"><span class='ocrx_word' id='word_1_202' title='bbox 397 1573 643 1621; x_wconf 84' lang='lat' dir='ltr'>comparatione</span> <span class='ocrx_word' id='word_1_203' title='bbox 655 1566 906 1615; x_wconf 72' lang='lat' dir='ltr'>illustratzquod</span> <span class='ocrx_word' id='word_1_204' title='bbox 924 1563 1043 1599; x_wconf 77' lang='lat' dir='ltr'>stilicet</span> <span class='ocrx_word' id='word_1_205' title='bbox 1063 1562 1166 1613; x_wconf 75' lang='lat' dir='ltr'>magis</span> <span class='ocrx_word' id='word_1_206' title='bbox 1175 1560 1235 1595; x_wconf 84' lang='lat' dir='ltr'>sta-</span> 
     </span>
     <span class='ocr_line' id='line_1_33' title="bbox 397 1610 1235 1665; baseline -0.018 -8"><span class='ocrx_word' id='word_1_207' title='bbox 397 1624 489 1657; x_wconf 82' lang='lat' dir='ltr'>bilita</span> <span class='ocrx_word' id='word_1_208' title='bbox 501 1621 537 1656; x_wconf 80' lang='lat' dir='ltr'>fit</span> <span class='ocrx_word' id='word_1_209' title='bbox 549 1634 582 1656; x_wconf 91' lang='lat' dir='ltr'>ac</span> <span class='ocrx_word' id='word_1_210' title='bbox 594 1620 686 1655; x_wconf 79' lang='lat' dir='ltr'>firma</span> <span class='ocrx_word' id='word_1_211' title='bbox 695 1618 792 1665; x_wconf 72' lang='lat' dir='ltr'>quam</span> <span class='ocrx_word' id='word_1_212' title='bbox 804 1614 922 1650; x_wconf 85' lang='lat' dir='ltr'>fabrica</span> <span class='ocrx_word' id='word_1_213' title='bbox 932 1613 1032 1647; x_wconf 87' lang='lat' dir='ltr'>totius</span> <span class='ocrx_word' id='word_1_214' title='bbox 1044 1610 1235 1655; x_wconf 67' lang='lat' dir='ltr'>mundi.Ce-</span> 
     </span>
     <span class='ocr_line' id='line_1_34' title="bbox 395 1660 1238 1714; baseline -0.02 -7"><span class='ocrx_word' id='word_1_215' title='bbox 395 1671 502 1707; x_wconf 66' lang='lat' dir='ltr'>terum</span> <span class='ocrx_word' id='word_1_216' title='bbox 525 1671 607 1704; x_wconf 88' lang='lat' dir='ltr'>hanc</span> <span class='ocrx_word' id='word_1_217' title='bbox 624 1664 781 1714; x_wconf 90' lang='lat' dir='ltr'>loquendi</span> <span class='ocrx_word' id='word_1_218' title='bbox 800 1661 940 1698; x_wconf 87' lang='lat' dir='ltr'>formam</span> <span class='ocrx_word' id='word_1_219' title='bbox 967 1660 1054 1697; x_wconf 72' lang='lat' dir='ltr'>varie</span> <span class='ocrx_word' id='word_1_220' title='bbox 1072 1668 1238 1705; x_wconf 76' lang='lat' dir='ltr'>exponunt</span> 
     </span>
     <span class='ocr_line' id='line_1_35' title="bbox 395 1705 1238 1765; baseline -0.018 -11"><span class='ocrx_word' id='word_1_221' title='bbox 395 1722 598 1765; x_wconf 81' lang='lat' dir='ltr'><strong>interpretes.</strong></span> <span class='ocrx_word' id='word_1_222' title='bbox 618 1716 762 1762; x_wconf 79' lang='lat' dir='ltr'>Qdam</span> <span class='ocrx_word' id='word_1_223' title='bbox 778 1712 865 1747; x_wconf 89' lang='lat' dir='ltr'>enim</span> <span class='ocrx_word' id='word_1_224' title='bbox 877 1711 943 1745; x_wconf 86' lang='lat' dir='ltr'>caeli</span> <span class='ocrx_word' id='word_1_225' title='bbox 954 1714 985 1745; x_wconf 71' lang='grc' dir='ltr'>δι</span> <span class='ocrx_word' id='word_1_226' title='bbox 998 1721 1087 1742; x_wconf 83' lang='lat' dir='ltr'>terrae</span> <span class='ocrx_word' id='word_1_227' title='bbox 1105 1705 1238 1742; x_wconf 78' lang='lat' dir='ltr'>tranlitt&#39;t</span> 
     </span>
     <span class='ocr_line' id='line_1_36' title="bbox 395 1755 1236 1807; baseline -0.02 -3"><span class='ocrx_word' id='word_1_228' title='bbox 395 1770 433 1803; x_wconf 86' lang='lat' dir='ltr'>ad</span> <span class='ocrx_word' id='word_1_229' title='bbox 447 1768 599 1803; x_wconf 88' lang='lat' dir='ltr'>vltimum</span> <span class='ocrx_word' id='word_1_230' title='bbox 610 1766 696 1800; x_wconf 88' lang='lat' dir='ltr'>diem</span> <span class='ocrx_word' id='word_1_231' title='bbox 709 1761 932 1807; x_wconf 82' lang='lat' dir='ltr'>referunt,quo</span> <span class='ocrx_word' id='word_1_232' title='bbox 943 1756 1126 1793; x_wconf 76' lang='lat' dir='ltr'>abolebitur</span> <span class='ocrx_word' id='word_1_233' title='bbox 1139 1755 1236 1789; x_wconf 83' lang='lat' dir='ltr'>cadu-</span> 
     </span>
     <span class='ocr_line' id='line_1_37' title="bbox 396 1804 1238 1856; baseline -0.019 -4"><span class='ocrx_word' id='word_1_234' title='bbox 396 1831 431 1852; x_wconf 87' lang='lat' dir='ltr'>ca</span> <span class='ocrx_word' id='word_1_235' title='bbox 445 1829 559 1851; x_wconf 87' lang='lat' dir='ltr'>eorum</span> <span class='ocrx_word' id='word_1_236' title='bbox 570 1809 798 1856; x_wconf 84' lang='lat' dir='ltr'>conditio.Alij</span> <span class='ocrx_word' id='word_1_237' title='bbox 812 1820 918 1844; x_wconf 82' lang='lat' dir='ltr'>autem</span> <span class='ocrx_word' id='word_1_238' title='bbox 931 1804 971 1842; x_wconf 81' lang='lat' dir='ltr'>fic</span> <span class='ocrx_word' id='word_1_239' title='bbox 981 1805 1156 1841; x_wconf 85' lang='lat' dir='ltr'>resoluunt:</span> <span class='ocrx_word' id='word_1_240' title='bbox 1172 1807 1238 1838; x_wconf 89' lang='lat' dir='ltr'>Po-</span> 
     </span>
     <span class='ocr_line' id='line_1_38' title="bbox 397 1853 1237 1902; baseline -0.019 -1"><span class='ocrx_word' id='word_1_241' title='bbox 397 1867 460 1900; x_wconf 86' lang='lat' dir='ltr'>tins</span> <span class='ocrx_word' id='word_1_242' title='bbox 469 1877 572 1900; x_wconf 87' lang='lat' dir='ltr'>totam</span> <span class='ocrx_word' id='word_1_243' title='bbox 583 1862 696 1898; x_wconf 87' lang='lat' dir='ltr'>mundi</span> <span class='ocrx_word' id='word_1_244' title='bbox 707 1858 861 1893; x_wconf 78' lang='lat' dir='ltr'>fabricam</span> <span class='ocrx_word' id='word_1_245' title='bbox 872 1856 931 1892; x_wconf 83' lang='lat' dir='ltr'>effe</span> <span class='ocrx_word' id='word_1_246' title='bbox 941 1855 1115 1902; x_wconf 79' lang='lat' dir='ltr'>perituram</span> <span class='ocrx_word' id='word_1_247' title='bbox 1136 1853 1237 1899; x_wconf 70' lang='lat' dir='ltr'>quam</span> 
     </span>
     <span class='ocr_line' id='line_1_39' title="bbox 396 1902 1238 1955; baseline -0.015 -7"><span class='ocrx_word' id='word_1_248' title='bbox 396 1925 430 1948; x_wconf 90' lang='lat' dir='ltr'>vt</span> <span class='ocrx_word' id='word_1_249' title='bbox 440 1911 604 1948; x_wconf 86' lang='lat' dir='ltr'>euanescat</span> <span class='ocrx_word' id='word_1_250' title='bbox 614 1908 802 1946; x_wconf 80' lang='lat' dir='ltr'>vaticinium</span> <span class='ocrx_word' id='word_1_251' title='bbox 826 1906 915 1955; x_wconf 90' lang='lat' dir='ltr'>quod</span> <span class='ocrx_word' id='word_1_252' title='bbox 933 1915 1034 1950; x_wconf 78' lang='lat' dir='ltr'>nuper</span> <span class='ocrx_word' id='word_1_253' title='bbox 1043 1902 1238 1937; x_wconf 87' lang='lat' dir='ltr'>audiuimus.</span> 
     </span>
     <span class='ocr_line' id='line_1_40' title="bbox 396 1950 1237 2009; baseline -0.018 -11"><span class='ocrx_word' id='word_1_254' title='bbox 396 1963 459 1998; x_wconf 89' lang='lat' dir='ltr'>Sed</span> <span class='ocrx_word' id='word_1_255' title='bbox 471 1962 625 2009; x_wconf 88' lang='lat' dir='ltr'>quianon</span> <span class='ocrx_word' id='word_1_256' title='bbox 637 1958 772 1993; x_wconf 88' lang='lat' dir='ltr'>dubium</span> <span class='ocrx_word' id='word_1_257' title='bbox 783 1954 828 1990; x_wconf 90' lang='lat' dir='ltr'>est</span> <span class='ocrx_word' id='word_1_258' title='bbox 838 1954 919 2003; x_wconf 85' lang='lat' dir='ltr'>quin</span> <span class='ocrx_word' id='word_1_259' title='bbox 937 1951 1090 1987; x_wconf 83' lang='lat' dir='ltr'>Christus</span> <span class='ocrx_word' id='word_1_260' title='bbox 1108 1950 1237 1985; x_wconf 88' lang='lat' dir='ltr'>suorum</span> 
     </span>
     <span class='ocr_line' id='line_1_41' title="bbox 397 2000 1238 2055; baseline -0.018 -9"><span class='ocrx_word' id='word_1_261' title='bbox 397 2022 522 2047; x_wconf 84' lang='lat' dir='ltr'>mentes</span> <span class='ocrx_word' id='word_1_262' title='bbox 532 2009 621 2055; x_wconf 87' lang='lat' dir='ltr'>supra</span> <span class='ocrx_word' id='word_1_263' title='bbox 631 2006 745 2041; x_wconf 87' lang='lat' dir='ltr'>mundi</span> <span class='ocrx_word' id='word_1_264' title='bbox 755 2004 907 2038; x_wconf 87' lang='lat' dir='ltr'>intuitum</span> <span class='ocrx_word' id='word_1_265' title='bbox 918 2000 1148 2050; x_wconf 45' lang='lat' dir='ltr'>attollerekdata</span> <span class='ocrx_word' id='word_1_266' title='bbox 1157 2011 1238 2045; x_wconf 87' lang='lat' dir='ltr'>ope-</span> 
     </span>
     <span class='ocr_line' id='line_1_42' title="bbox 398 2047 1237 2096; baseline -0.018 -1"><span class='ocrx_word' id='word_1_267' title='bbox 398 2073 432 2095; x_wconf 86' lang='lat' dir='ltr'>ra</span> <span class='ocrx_word' id='word_1_268' title='bbox 442 2056 681 2096; x_wconf 87' lang='lat' dir='ltr'>voluerit,mihi</span> <span class='ocrx_word' id='word_1_269' title='bbox 692 2054 818 2089; x_wconf 89' lang='lat' dir='ltr'>videtur</span> <span class='ocrx_word' id='word_1_270' title='bbox 830 2060 986 2086; x_wconf 58' lang='lat' dir='ltr'>annotare</span> <span class='ocrx_word' id='word_1_271' title='bbox 995 2049 1128 2084; x_wconf 85' lang='lat' dir='ltr'>affiduas</span> <span class='ocrx_word' id='word_1_272' title='bbox 1145 2047 1237 2081; x_wconf 90' lang='lat' dir='ltr'>incli-</span> 
     </span>
     <span class='ocr_line' id='line_1_43' title="bbox 396 2095 1236 2153; baseline -0.019 -9"><span class='ocrx_word' id='word_1_273' title='bbox 396 2109 547 2144; x_wconf 78' lang='lat' dir='ltr'>nationes</span> <span class='ocrx_word' id='word_1_274' title='bbox 558 2118 625 2153; x_wconf 84' lang='lat' dir='ltr'>quae</span> <span class='ocrx_word' id='word_1_275' title='bbox 635 2105 668 2138; x_wconf 84' lang='lat' dir='ltr'>in</span> <span class='ocrx_word' id='word_1_276' title='bbox 682 2103 808 2139; x_wconf 86' lang='lat' dir='ltr'>mundo</span> <span class='ocrx_word' id='word_1_277' title='bbox 819 2109 1012 2135; x_wconf 88' lang='lat' dir='ltr'>cernuntur:</span> <span class='ocrx_word' id='word_1_278' title='bbox 1024 2095 1082 2131; x_wconf 85' lang='lat' dir='ltr'>acsi</span> <span class='ocrx_word' id='word_1_279' title='bbox 1102 2105 1236 2144; x_wconf 82' lang='lat' dir='ltr'>negaret</span> 
     </span>
     <span class='ocr_line' id='line_1_44' title="bbox 394 2144 1265 2194; baseline -0.02 0"><span class='ocrx_word' id='word_1_280' title='bbox 394 2157 551 2194; x_wconf 69' lang='lat' dir='ltr'>aestimada</span> <span class='ocrx_word' id='word_1_281' title='bbox 563 2153 624 2190; x_wconf 82' lang='lat' dir='ltr'>effe</span> <span class='ocrx_word' id='word_1_282' title='bbox 635 2153 720 2188; x_wconf 64' lang='lat' dir='ltr'>dieta</span> <span class='ocrx_word' id='word_1_283' title='bbox 732 2150 784 2185; x_wconf 90' lang='lat' dir='ltr'>sua</span> <span class='ocrx_word' id='word_1_284' title='bbox 795 2149 834 2184; x_wconf 86' lang='lat' dir='ltr'>ab</span> <span class='ocrx_word' id='word_1_285' title='bbox 846 2147 989 2183; x_wconf 86' lang='lat' dir='ltr'>instabili</span> <span class='ocrx_word' id='word_1_286' title='bbox 1001 2150 1031 2182; x_wconf 84' lang='lat'>&amp;</span> <span class='ocrx_word' id='word_1_287' title='bbox 1045 2144 1129 2194; x_wconf 80' lang='lat' dir='ltr'>quasi</span> <span class='ocrx_word' id='word_1_288' title='bbox 1140 2144 1265 2180; x_wconf 66' lang='lat' dir='ltr'>aestuo&#39;*</span> 
     </span>
     <span class='ocr_line' id='line_1_45' title="bbox 395 2194 1239 2240; baseline -0.014 1"><span class='ocrx_word' id='word_1_289' title='bbox 395 2207 425 2240; x_wconf 87' lang='lat' dir='ltr'>sa</span> <span class='ocrx_word' id='word_1_290' title='bbox 444 2205 556 2240; x_wconf 88' lang='lat' dir='ltr'>mundi</span> <span class='ocrx_word' id='word_1_291' title='bbox 569 2198 853 2238; x_wconf 75' lang='lat' dir='ltr'>varietate.sc.imus</span> <span class='ocrx_word' id='word_1_292' title='bbox 864 2196 1045 2235; x_wconf 53' lang='lat' dir='ltr'>minutium</span> <span class='ocrx_word' id='word_1_293' title='bbox 1056 2208 1106 2229; x_wconf 86' lang='lat' dir='ltr'>res</span> <span class='ocrx_word' id='word_1_294' title='bbox 1117 2194 1151 2228; x_wconf 89' lang='lat' dir='ltr'>in</span> <span class='ocrx_word' id='word_1_295' title='bbox 1167 2197 1239 2229; x_wconf 80' lang='lat' dir='ltr'>infi-</span> 
     </span>
     <span class='ocr_line' id='line_1_46' title="bbox 396 2242 1240 2296; baseline -0.015 -7"><span class='ocrx_word' id='word_1_296' title='bbox 396 2255 440 2290; x_wconf 91' lang='lat' dir='ltr'>do</span> <span class='ocrx_word' id='word_1_297' title='bbox 449 2255 626 2287; x_wconf 88' lang='lat' dir='ltr'>voluuntur</span> <span class='ocrx_word' id='word_1_298' title='bbox 635 2273 645 2288; x_wconf 88' lang='lat'>‚</span> <span class='ocrx_word' id='word_1_299' title='bbox 657 2251 753 2296; x_wconf 63' lang='lat' dir='ltr'>quim</span> <span class='ocrx_word' id='word_1_300' title='bbox 764 2247 909 2293; x_wconf 85' lang='lat' dir='ltr'>procliue</span> <span class='ocrx_word' id='word_1_301' title='bbox 920 2245 957 2280; x_wconf 80' lang='lat' dir='ltr'>sit</span> <span class='ocrx_word' id='word_1_302' title='bbox 968 2254 1096 2279; x_wconf 87' lang='lat' dir='ltr'>mentes</span> <span class='ocrx_word' id='word_1_303' title='bbox 1115 2242 1240 2285; x_wconf 56' lang='lat' dir='ltr'>nostras</span> 
     </span>
     <span class='ocr_line' id='line_1_47' title="bbox 399 2291 1238 2343; baseline -0.017 -5"><span class='ocrx_word' id='word_1_304' title='bbox 399 2302 492 2338; x_wconf 85' lang='lat' dir='ltr'>simul</span> <span class='ocrx_word' id='word_1_305' title='bbox 512 2299 625 2343; x_wconf 82' lang='lat' dir='ltr'>abripi.</span> <span class='ocrx_word' id='word_1_306' title='bbox 645 2300 723 2331; x_wconf 85' lang='lat' dir='ltr'>Ideo</span> <span class='ocrx_word' id='word_1_307' title='bbox 744 2295 894 2330; x_wconf 84' lang='lat' dir='ltr'>Christus</span> <span class='ocrx_word' id='word_1_308' title='bbox 911 2293 1084 2338; x_wconf 81' lang='lat' dir='ltr'>discipulos</span> <span class='ocrx_word' id='word_1_309' title='bbox 1101 2291 1238 2335; x_wconf 36' lang='lat' dir='ltr'>vetanin</span> 
     </span>
     <span class='ocr_line' id='line_1_48' title="bbox 401 2336 1239 2393; baseline -0.018 -7"><span class='ocrx_word' id='word_1_310' title='bbox 401 2350 515 2388; x_wconf 79' lang='lat' dir='ltr'>muudi</span> <span class='ocrx_word' id='word_1_311' title='bbox 525 2346 667 2393; x_wconf 63' lang='lat' dir='ltr'>respeciu</span> <span class='ocrx_word' id='word_1_312' title='bbox 679 2336 896 2388; x_wconf 78' lang='lat' dir='ltr'>occupari,sed</span> <span class='ocrx_word' id='word_1_313' title='bbox 908 2341 992 2386; x_wconf 82' lang='lat' dir='ltr'>quasi</span> <span class='ocrx_word' id='word_1_314' title='bbox 1005 2342 1022 2373; x_wconf 78' lang='grc' dir='ltr'>ὲ</span> <span class='ocrx_word' id='word_1_315' title='bbox 1033 2338 1162 2372; x_wconf 81' lang='lat' dir='ltr'>sublimi</span> <span class='ocrx_word' id='word_1_316' title='bbox 1173 2339 1239 2373; x_wconf 91' lang='lat' dir='ltr'>Di-</span> 
     </span>
     <span class='ocr_line' id='line_1_49' title="bbox 401 2387 1240 2445; baseline -0.019 -10"><span class='ocrx_word' id='word_1_317' title='bbox 401 2400 484 2436; x_wconf 81' lang='lat' dir='ltr'>uinae</span> <span class='ocrx_word' id='word_1_318' title='bbox 493 2393 706 2445; x_wconf 83' lang='lat' dir='ltr'>prouidentiae</span> <span class='ocrx_word' id='word_1_319' title='bbox 717 2390 841 2437; x_wconf 83' lang='lat' dir='ltr'>specula</span> <span class='ocrx_word' id='word_1_320' title='bbox 859 2387 1019 2435; x_wconf 82' lang='lat' dir='ltr'>despicere</span> <span class='ocrx_word' id='word_1_321' title='bbox 1028 2399 1096 2434; x_wconf 82' lang='lat' dir='ltr'>quae</span> <span class='ocrx_word' id='word_1_322' title='bbox 1107 2396 1240 2440; x_wconf 78' lang='lat' dir='ltr'>yentura</span> 
     </span>
     <span class='ocr_line' id='line_1_50' title="bbox 401 2434 1240 2497; baseline -0.019 -14"><span class='ocrx_word' id='word_1_323' title='bbox 401 2446 559 2497; x_wconf 87' lang='lat' dir='ltr'>praedixit.</span> <span class='ocrx_word' id='word_1_324' title='bbox 571 2447 700 2479; x_wconf 75' lang='lat' dir='ltr'>interea</span> <span class='ocrx_word' id='word_1_325' title='bbox 709 2440 819 2475; x_wconf 78' lang='lat' dir='ltr'>exhoc</span> <span class='ocrx_word' id='word_1_326' title='bbox 830 2439 908 2473; x_wconf 89' lang='lat' dir='ltr'>loco</span> <span class='ocrx_word' id='word_1_327' title='bbox 925 2436 1052 2488; x_wconf 65' lang='lat' dir='ltr'>elicitur</span> <span class='ocrx_word' id='word_1_328' title='bbox 1070 2435 1159 2488; x_wconf 54' lang='lat' dir='ltr'>utilis</span> <span class='ocrx_word' id='word_1_329' title='bbox 1177 2434 1240 2487; x_wconf 72' lang='lat' dir='ltr'>dp·</span> 
     </span>
     <span class='ocr_line' id='line_1_51' title="bbox 401 2481 1253 2534; baseline -0.02 -3"><span class='ocrx_word' id='word_1_330' title='bbox 401 2497 517 2533; x_wconf 57' lang='lat' dir='ltr'>(irrina,</span> <span class='ocrx_word' id='word_1_331' title='bbox 527 2493 656 2528; x_wconf 83' lang='lat' dir='ltr'>salutem</span> <span class='ocrx_word' id='word_1_332' title='bbox 670 2486 904 2534; x_wconf 85' lang='lat' dir='ltr'>nostram(quia</span> <span class='ocrx_word' id='word_1_333' title='bbox 917 2485 951 2518; x_wconf 88' lang='lat' dir='ltr'>in</span> <span class='ocrx_word' id='word_1_334' title='bbox 968 2481 1091 2519; x_wconf 81' lang='lat' dir='ltr'>Christi</span> <span class='ocrx_word' id='word_1_335' title='bbox 1100 2481 1253 2528; x_wconf 87' lang='lat' dir='ltr'>promis-.</span> 
     </span>
     <span class='ocr_line' id='line_1_52' title="bbox 403 2530 1241 2581; baseline -0.021 0"><span class='ocrx_word' id='word_1_336' title='bbox 403 2545 549 2581; x_wconf 82' lang='lat' dir='ltr'>sionibus</span> <span class='ocrx_word' id='word_1_337' title='bbox 560 2540 689 2576; x_wconf 84' lang='lat' dir='ltr'>fundata</span> <span class='ocrx_word' id='word_1_338' title='bbox 698 2536 827 2576; x_wconf 62' lang='lat' dir='ltr'>esthmn</span> <span class='ocrx_word' id='word_1_339' title='bbox 843 2533 996 2569; x_wconf 63' lang='lat' dir='ltr'>fluEtuare</span> <span class='ocrx_word' id='word_1_340' title='bbox 1005 2530 1134 2568; x_wconf 69' lang='lat' dir='ltr'>secund⁸</span> <span class='ocrx_word' id='word_1_341' title='bbox 1158 2544 1181 2564; x_wconf 85' lang='lat' dir='ltr'>n</span> <span class='ocrx_word' id='word_1_342' title='bbox 1194 2530 1241 2565; x_wconf 88' lang='lat' dir='ltr'>di-</span> 
     </span>
     <span class='ocr_line' id='line_1_53' title="bbox 401 2578 1240 2637; baseline -0.019 -8"><span class='ocrx_word' id='word_1_343' title='bbox 401 2592 504 2629; x_wconf 85' lang='lat' dir='ltr'>uersas</span> <span class='ocrx_word' id='word_1_344' title='bbox 514 2591 625 2626; x_wconf 85' lang='lat' dir='ltr'>mundi</span> <span class='ocrx_word' id='word_1_345' title='bbox 637 2585 842 2637; x_wconf 82' lang='lat' dir='ltr'>agitationes,</span> <span class='ocrx_word' id='word_1_346' title='bbox 853 2583 906 2618; x_wconf 85' lang='lat' dir='ltr'>sed</span> <span class='ocrx_word' id='word_1_347' title='bbox 919 2578 1148 2633; x_wconf 52' lang='lat' dir='ltr'>inconcussam·</span> <span class='ocrx_word' id='word_1_348' title='bbox 1184 2591 1240 2631; x_wconf 56' lang='lat' dir='ltr'>¹ge,</span> 
     </span>
     <span class='ocr_line' id='line_1_54' title="bbox 401 2626 1240 2679; baseline -0.019 -2"><span class='ocrx_word' id='word_1_349' title='bbox 401 2642 506 2678; x_wconf 78' lang='lat' dir='ltr'>modo</span> <span class='ocrx_word' id='word_1_350' title='bbox 516 2640 612 2674; x_wconf 86' lang='lat' dir='ltr'>etiam</span> <span class='ocrx_word' id='word_1_351' title='bbox 625 2638 705 2672; x_wconf 85' lang='lat' dir='ltr'>fides</span> <span class='ocrx_word' id='word_1_352' title='bbox 716 2633 822 2668; x_wconf 88' lang='lat' dir='ltr'>nostra</span> <span class='ocrx_word' id='word_1_353' title='bbox 833 2634 903 2679; x_wconf 72' lang='grc' dir='ltr'>εςΙο</span> <span class='ocrx_word' id='word_1_354' title='bbox 913 2635 946 2666; x_wconf 83' lang='lat'>&amp;</span> <span class='ocrx_word' id='word_1_355' title='bbox 955 2641 1038 2664; x_wconf 86' lang='lat' dir='ltr'>terra</span> <span class='ocrx_word' id='word_1_356' title='bbox 1048 2626 1191 2676; x_wconf 58' lang='lat' dir='ltr'>superior</span> <span class='ocrx_word' id='word_1_357' title='bbox 1201 2627 1240 2662; x_wconf 90' lang='lat' dir='ltr'>ad</span> 
     </span>
     <span class='ocr_line' id='line_1_55' title="bbox 402 2677 1219 2739; baseline -0.026 -12"><span class='ocrx_word' id='word_1_358' title='bbox 402 2690 502 2739; x_wconf 86' lang='lat' dir='ltr'>ipsum</span> <span class='ocrx_word' id='word_1_359' title='bbox 513 2687 610 2736; x_wconf 85' lang='lat' dir='ltr'>vsque</span> <span class='ocrx_word' id='word_1_360' title='bbox 621 2681 788 2721; x_wconf 89' lang='lat' dir='ltr'>Christum</span> <span class='ocrx_word' id='word_1_361' title='bbox 798 2680 1010 2715; x_wconf 77' lang='lat' dir='ltr'>transcendat.</span> <span class='ocrx_word' id='word_1_362' title='bbox 1136 2677 1140 2683; x_wconf 93' lang='lat'>&#39;</span> <span class='ocrx_word' id='word_1_363' title='bbox 1213 2723 1219 2731; x_wconf 37' lang='grc' dir='ltr'>ι</span> 
     </span>
    </p>

    <p class='ocr_par' dir='ltr' id='par_1_9' title="bbox 401 2723 1242 2881">
     <span class='ocr_line' id='line_1_56' title="bbox 439 2723 1240 2785; baseline -0.019 -12"><span class='ocrx_word' id='word_1_364' title='bbox 439 2742 476 2785; x_wconf 75' lang='lat'>36</span> <span class='ocrx_word' id='word_1_365' title='bbox 512 2734 659 2771; x_wconf 25' lang='lat' dir='ltr'>cameriam</span> <span class='ocrx_word' id='word_1_366' title='bbox 669 2733 707 2768; x_wconf 83' lang='lat' dir='ltr'>de</span> <span class='ocrx_word' id='word_1_367' title='bbox 716 2731 767 2766; x_wconf 72' lang='lat' dir='ltr'>dte</span> <span class='ocrx_word' id='word_1_368' title='bbox 782 2731 866 2770; x_wconf 78' lang='lat' dir='ltr'>illo.)</span> <span class='ocrx_word' id='word_1_369' title='bbox 892 2730 964 2763; x_wconf 85' lang='lat' dir='ltr'>Hac</span> <span class='ocrx_word' id='word_1_370' title='bbox 978 2725 1132 2761; x_wconf 86' lang='lat' dir='ltr'>sententia</span> <span class='ocrx_word' id='word_1_371' title='bbox 1141 2723 1240 2760; x_wconf 81' lang='lat' dir='ltr'>Chri—</span> 
     </span>
     <span class='ocr_line' id='line_1_57' title="bbox 401 2773 1242 2825; baseline -0.021 -1"><span class='ocrx_word' id='word_1_372' title='bbox 401 2791 466 2825; x_wconf 86' lang='lat' dir='ltr'>stus</span> <span class='ocrx_word' id='word_1_373' title='bbox 477 2787 623 2822; x_wconf 83' lang='lat' dir='ltr'>fidelium</span> <span class='ocrx_word' id='word_1_374' title='bbox 635 2783 761 2818; x_wconf 82' lang='lat' dir='ltr'>animos</span> <span class='ocrx_word' id='word_1_375' title='bbox 773 2779 876 2814; x_wconf 87' lang='lat' dir='ltr'>teneri</span> <span class='ocrx_word' id='word_1_376' title='bbox 887 2774 1050 2823; x_wconf 84' lang='lat' dir='ltr'>suspensos</span> <span class='ocrx_word' id='word_1_377' title='bbox 1065 2773 1188 2813; x_wconf 76' lang='lat' dir='ltr'>voluit,</span> <span class='ocrx_word' id='word_1_378' title='bbox 1200 2785 1242 2807; x_wconf 87' lang='lat' dir='ltr'>ne</span> 
     </span>
     <span class='ocr_line' id='line_1_58' title="bbox 404 2822 1240 2881; baseline -0.022 -8"><span class='ocrx_word' id='word_1_379' title='bbox 404 2836 478 2873; x_wconf 72' lang='lat' dir='ltr'>salsa</span> <span class='ocrx_word' id='word_1_380' title='bbox 489 2832 721 2881; x_wconf 81' lang='lat' dir='ltr'>imaginatione</span> <span class='ocrx_word' id='word_1_381' title='bbox 732 2840 859 2874; x_wconf 86' lang='lat' dir='ltr'>tempus</span> <span class='ocrx_word' id='word_1_382' title='bbox 869 2826 1002 2873; x_wconf 84' lang='lat' dir='ltr'>aliquod</span> <span class='ocrx_word' id='word_1_383' title='bbox 1021 2824 1138 2859; x_wconf 87' lang='lat' dir='ltr'>vltimae</span> <span class='ocrx_word' id='word_1_384' title='bbox 1148 2822 1240 2857; x_wconf 67' lang='lat' dir='ltr'>rede-</span> 
     </span>
    </p>

    <p class='ocr_par' dir='ltr' id='par_1_10' title="bbox 393 2874 1243 3170">
     <span class='ocr_line' id='line_1_59' title="bbox 427 2874 1242 2929; baseline -0.02 -9"><span class='ocrx_word' id='word_1_385' title='bbox 427 2885 512 2920; x_wconf 87' lang='lat' dir='ltr'>tioni</span> <span class='ocrx_word' id='word_1_386' title='bbox 534 2881 710 2929; x_wconf 75' lang='lat' dir='ltr'>praefigant.</span> <span class='ocrx_word' id='word_1_387' title='bbox 725 2877 851 2913; x_wconf 86' lang='lat' dir='ltr'>Scimus</span> <span class='ocrx_word' id='word_1_388' title='bbox 869 2875 966 2922; x_wconf 68' lang='lat' dir='ltr'>quam</span> <span class='ocrx_word' id='word_1_389' title='bbox 986 2874 1161 2908; x_wconf 82' lang='lat' dir='ltr'>volaticum</span> <span class='ocrx_word' id='word_1_390' title='bbox 1179 2881 1242 2904; x_wconf 90' lang='lat' dir='ltr'>no-</span> 
     </span>
     <span class='ocr_line' id='line_1_60' title="bbox 401 2901 1240 2977; baseline -0.02 -8"><span class='ocrx_word' id='word_1_391' title='bbox 401 2901 452 2968; x_wconf 67' lang='lat' dir='ltr'>siis</span> <span class='ocrx_word' id='word_1_392' title='bbox 465 2933 500 2967; x_wconf 82' lang='lat' dir='ltr'>sit</span> <span class='ocrx_word' id='word_1_393' title='bbox 514 2930 684 2977; x_wconf 65' lang='lat' dir='ltr'>ingenium</span> <span class='ocrx_word' id='word_1_394' title='bbox 696 2950 704 2965; x_wconf 85' lang='lat'><strong>‚</strong></span> <span class='ocrx_word' id='word_1_395' title='bbox 716 2937 811 2973; x_wconf 79' lang='lat' dir='ltr'>atque</span> <span class='ocrx_word' id='word_1_396' title='bbox 819 2935 853 2961; x_wconf 89' lang='lat' dir='ltr'>vt</span> <span class='ocrx_word' id='word_1_397' title='bbox 865 2937 925 2957; x_wconf 87' lang='lat' dir='ltr'>nos</span> <span class='ocrx_word' id='word_1_398' title='bbox 935 2935 1014 2957; x_wconf 81' lang='lat' dir='ltr'>vana</span> <span class='ocrx_word' id='word_1_399' title='bbox 1031 2920 1195 2974; x_wconf 71' lang='lat' dir='ltr'>plusquam</span> <span class='ocrx_word' id='word_1_400' title='bbox 1205 2931 1240 2952; x_wconf 83' lang='lat'>0-</span> 
     </span>
     <span class='ocr_line' id='line_1_61' title="bbox 399 2970 1242 3028; baseline -0.019 -11"><span class='ocrx_word' id='word_1_401' title='bbox 399 2993 508 3028; x_wconf 81' lang='lat' dir='ltr'>portet</span> <span class='ocrx_word' id='word_1_402' title='bbox 518 2970 637 3015; x_wconf 64' lang='lat' dir='ltr'>sciendi</span> <span class='ocrx_word' id='word_1_403' title='bbox 657 2975 813 3022; x_wconf 82' lang='lat' dir='ltr'>cupiditas</span> <span class='ocrx_word' id='word_1_404' title='bbox 840 2973 962 3008; x_wconf 88' lang='lat' dir='ltr'>titillet.</span> <span class='ocrx_word' id='word_1_405' title='bbox 982 2970 1124 3020; x_wconf 83' lang='lat' dir='ltr'>Videbat</span> <span class='ocrx_word' id='word_1_406' title='bbox 1144 2979 1242 3003; x_wconf 81' lang='lat' dir='ltr'>etiarn</span> 
     </span>
     <span class='ocr_line' id='line_1_62' title="bbox 399 3016 1241 3072; baseline -0.018 -7"><span class='ocrx_word' id='word_1_407' title='bbox 399 3030 549 3066; x_wconf 86' lang='lat' dir='ltr'>Christus</span> <span class='ocrx_word' id='word_1_408' title='bbox 560 3026 731 3072; x_wconf 83' lang='lat' dir='ltr'>discipulos</span> <span class='ocrx_word' id='word_1_409' title='bbox 743 3020 970 3068; x_wconf 78' lang='lat' dir='ltr'>intempestiue</span> <span class='ocrx_word' id='word_1_410' title='bbox 979 3019 1018 3054; x_wconf 88' lang='lat' dir='ltr'>ad</span> <span class='ocrx_word' id='word_1_411' title='bbox 1039 3016 1241 3069; x_wconf 82' lang='lat' dir='ltr'>triumphum</span> 
     </span>
     <span class='ocr_line' id='line_1_63' title="bbox 397 3063 1243 3125; baseline -0.018 -12"><span class='ocrx_word' id='word_1_412' title='bbox 397 3089 582 3125; x_wconf 78' lang='lat' dir='ltr'>properare.</span> <span class='ocrx_word' id='word_1_413' title='bbox 593 3077 673 3111; x_wconf 83' lang='lat' dir='ltr'>Vult</span> <span class='ocrx_word' id='word_1_414' title='bbox 687 3084 767 3119; x_wconf 83' lang='lat' dir='ltr'>ergo</span> <span class='ocrx_word' id='word_1_415' title='bbox 779 3072 865 3106; x_wconf 88' lang='lat' dir='ltr'>diem</span> <span class='ocrx_word' id='word_1_416' title='bbox 885 3069 1040 3104; x_wconf 89' lang='lat' dir='ltr'>aduentus</span> <span class='ocrx_word' id='word_1_417' title='bbox 1059 3066 1157 3102; x_wconf 86' lang='lat' dir='ltr'>suiita</span> <span class='ocrx_word' id='word_1_418' title='bbox 1174 3063 1243 3110; x_wconf 75' lang='lat' dir='ltr'>spe-</span> 
     </span>
     <span class='ocr_line' id='line_1_64' title="bbox 393 3115 1241 3170; baseline -0.015 -9"><span class='ocrx_word' id='word_1_419' title='bbox 393 3127 456 3163; x_wconf 78' lang='lat' dir='ltr'>rari</span> <span class='ocrx_word' id='word_1_420' title='bbox 467 3131 498 3162; x_wconf 88' lang='lat'>&amp;</span> <span class='ocrx_word' id='word_1_421' title='bbox 511 3123 636 3170; x_wconf 84' lang='lat' dir='ltr'>expeti,</span> <span class='ocrx_word' id='word_1_422' title='bbox 647 3134 681 3159; x_wconf 86' lang='lat' dir='ltr'>vt</span> <span class='ocrx_word' id='word_1_423' title='bbox 691 3132 799 3155; x_wconf 82' lang='lat' dir='ltr'>tamen</span> <span class='ocrx_word' id='word_1_424' title='bbox 817 3131 917 3154; x_wconf 88' lang='lat' dir='ltr'>nemo</span> <span class='ocrx_word' id='word_1_425' title='bbox 938 3116 1104 3165; x_wconf 78' lang='lat' dir='ltr'>inquirere</span> <span class='ocrx_word' id='word_1_426' title='bbox 1120 3115 1241 3152; x_wconf 74' lang='lat' dir='ltr'>audeat,</span> 
     </span>
    </p>
   </div>
   <div class='ocr_carea' id='block_1_8' title="bbox 390 3217 1038 3482">
    <p class='ocr_par' dir='ltr' id='par_1_11' title="bbox 393 3217 1038 3261">
     <span class='ocr_line' id='line_1_65' title="bbox 393 3217 1038 3261; baseline -0.017 -1"><span class='ocrx_word' id='word_1_427' title='bbox 393 3222 616 3261; x_wconf 82' lang='lat' dir='ltr'>MATTH.</span> <span class='ocrx_word' id='word_1_428' title='bbox 643 3220 720 3252; x_wconf 57' lang='lat' dir='ltr'>Xan</span> <span class='ocrx_word' id='word_1_429' title='bbox 769 3219 802 3251; x_wconf 70' lang='lat' dir='ltr'>M</span> <span class='ocrx_word' id='word_1_430' title='bbox 815 3219 884 3252; x_wconf 82' lang='lat' dir='ltr'>AR</span> <span class='ocrx_word' id='word_1_431' title='bbox 896 3217 937 3251; x_wconf 88' lang='lat' dir='ltr'>C.</span> <span class='ocrx_word' id='word_1_432' title='bbox 956 3217 1038 3250; x_wconf 86' lang='grc' dir='ltr'>ΧΙΠ</span> 
     </span>
    </p>

    <p class='ocr_par' dir='ltr' id='par_1_12' title="bbox 390 3266 750 3482">
     <span class='ocr_line' id='line_1_66' title="bbox 433 3266 747 3325; baseline -0.029 -13"><span class='ocrx_word' id='word_1_433' title='bbox 433 3287 475 3325; x_wconf 86' lang='lat'>37</span> <span class='ocrx_word' id='word_1_434' title='bbox 505 3269 574 3311; x_wconf 80' lang='lat' dir='ltr'>Sed</span> <span class='ocrx_word' id='word_1_435' title='bbox 572 3269 658 3325; x_wconf 77' lang='lat' dir='ltr'>ficut</span> <span class='ocrx_word' id='word_1_436' title='bbox 675 3266 747 3305; x_wconf 82' lang='lat' dir='ltr'>dies</span> 
     </span>
     <span class='ocr_line' id='line_1_67' title="bbox 392 3322 749 3374; baseline -0.031 -3"><span class='ocrx_word' id='word_1_437' title='bbox 392 3338 431 3370; x_wconf 91' lang='lat' dir='ltr'><strong><em>N</em></strong></span> <span class='ocrx_word' id='word_1_438' title='bbox 434 3344 485 3374; x_wconf 86' lang='lat' dir='ltr'>oe,</span> <span class='ocrx_word' id='word_1_439' title='bbox 498 3332 547 3368; x_wconf 80' lang='lat' dir='ltr'>ita</span> <span class='ocrx_word' id='word_1_440' title='bbox 559 3330 626 3366; x_wconf 89' lang='lat' dir='ltr'>erit</span> <span class='ocrx_word' id='word_1_441' title='bbox 637 3324 675 3371; x_wconf 61' lang='grc' dir='ltr'>ῤ’</span> <span class='ocrx_word' id='word_1_442' title='bbox 684 3322 749 3361; x_wconf 79' lang='lat' dir='ltr'>ad-</span> 
     </span>
     <span class='ocr_line' id='line_1_68' title="bbox 391 3381 750 3439; baseline -0.019 -13"><span class='ocrx_word' id='word_1_443' title='bbox 391 3398 517 3426; x_wconf 77' lang='lat' dir='ltr'>uentus</span> <span class='ocrx_word' id='word_1_444' title='bbox 536 3385 614 3439; x_wconf 64' lang='lat' dir='ltr'>fily&#39;</span> <span class='ocrx_word' id='word_1_445' title='bbox 640 3381 750 3423; x_wconf 83' lang='lat' dir='ltr'>homi-</span> 
     </span>
     <span class='ocr_line' id='line_1_69' title="bbox 390 3457 458 3482; baseline -0.059 0"><span class='ocrx_word' id='word_1_446' title='bbox 390 3457 458 3482; x_wconf 82' lang='lat' dir='ltr'>ms.</span> 
     </span>
    </p>
   </div>
   <div class='ocr_carea' id='block_1_9' title="bbox 753 3283 759 3507">
    <p class='ocr_par' dir='ltr' id='par_1_13' title="bbox 753 3283 759 3507">
     <span class='ocr_line' id='line_1_70' title="bbox 753 3283 759 3507; baseline 0 0"><span class='ocrx_word' id='word_1_447' title='bbox 753 3283 759 3507; x_wconf 95' lang='lat' dir='ltr'>  </span> 
     </span>
    </p>
   </div>
   <div class='ocr_carea' id='block_1_10' title="bbox 1276 197 2120 440">
    <p class='ocr_par' dir='ltr' id='par_1_14' title="bbox 1276 197 2120 440">
     <span class='ocr_line' id='line_1_71' title="bbox 1276 197 2120 246; baseline 0.002 -16"><span class='ocrx_word' id='word_1_448' title='bbox 1276 197 1406 244; x_wconf 82' lang='lat' dir='ltr'>quando</span> <span class='ocrx_word' id='word_1_449' title='bbox 1417 209 1570 232; x_wconf 84' lang='lat' dir='ltr'>venturus</span> <span class='ocrx_word' id='word_1_450' title='bbox 1579 197 1627 231; x_wconf 81' lang='lat' dir='ltr'>sit.</span> <span class='ocrx_word' id='word_1_451' title='bbox 1642 197 1722 232; x_wconf 89' lang='lat' dir='ltr'>Vult</span> <span class='ocrx_word' id='word_1_452' title='bbox 1740 197 1880 246; x_wconf 87' lang='lat' dir='ltr'>denique</span> <span class='ocrx_word' id='word_1_453' title='bbox 1892 197 1963 234; x_wconf 86' lang='lat' dir='ltr'>suos</span> <span class='ocrx_word' id='word_1_454' title='bbox 1983 197 2120 244; x_wconf 84' lang='lat' dir='ltr'>discipu-</span> 
     </span>
     <span class='ocr_line' id='line_1_72' title="bbox 1277 246 2119 294; baseline 0.002 -14"><span class='ocrx_word' id='word_1_455' title='bbox 1277 247 1329 281; x_wconf 89' lang='lat' dir='ltr'>los</span> <span class='ocrx_word' id='word_1_456' title='bbox 1339 246 1382 280; x_wconf 85' lang='lat' dir='ltr'>ita</span> <span class='ocrx_word' id='word_1_457' title='bbox 1391 247 1539 281; x_wconf 89' lang='lat' dir='ltr'>incedere</span> <span class='ocrx_word' id='word_1_458' title='bbox 1548 247 1582 280; x_wconf 92' lang='lat' dir='ltr'>in</span> <span class='ocrx_word' id='word_1_459' title='bbox 1591 246 1715 281; x_wconf 84' lang='lat' dir='ltr'>lumine</span> <span class='ocrx_word' id='word_1_460' title='bbox 1728 246 1854 287; x_wconf 87' lang='lat' dir='ltr'>fidei,vt</span> <span class='ocrx_word' id='word_1_461' title='bbox 1864 248 1904 283; x_wconf 88' lang='lat' dir='ltr'>de</span> <span class='ocrx_word' id='word_1_462' title='bbox 1914 246 2119 294; x_wconf 81' lang='lat' dir='ltr'>temporibus</span> 
     </span>
     <span class='ocr_line' id='line_1_73' title="bbox 1278 295 2118 344; baseline 0.002 -16"><span class='ocrx_word' id='word_1_463' title='bbox 1278 295 1394 330; x_wconf 87' lang='lat' dir='ltr'>incerti</span> <span class='ocrx_word' id='word_1_464' title='bbox 1405 295 1640 330; x_wconf 86' lang='lat' dir='ltr'>reuelationem</span> <span class='ocrx_word' id='word_1_465' title='bbox 1653 296 1808 341; x_wconf 82' lang='lat' dir='ltr'>patienter</span> <span class='ocrx_word' id='word_1_466' title='bbox 1821 298 2002 344; x_wconf 56' lang='lat' dir='ltr'>expectent.</span> <span class='ocrx_word' id='word_1_467' title='bbox 2012 297 2118 330; x_wconf 75' lang='lat' dir='ltr'>Caue-</span> 
     </span>
     <span class='ocr_line' id='line_1_74' title="bbox 1280 343 2116 391; baseline 0.001 -13"><span class='ocrx_word' id='word_1_468' title='bbox 1280 345 1357 379; x_wconf 89' lang='lat' dir='ltr'>dum</span> <span class='ocrx_word' id='word_1_469' title='bbox 1368 356 1447 391; x_wconf 78' lang='lat' dir='ltr'>ergo</span> <span class='ocrx_word' id='word_1_470' title='bbox 1459 357 1499 377; x_wconf 86' lang='lat' dir='ltr'>ne</span> <span class='ocrx_word' id='word_1_471' title='bbox 1510 343 1591 378; x_wconf 70' lang='lat' dir='ltr'>vltra</span> <span class='ocrx_word' id='word_1_472' title='bbox 1602 343 1698 391; x_wconf 71' lang='lat' dir='ltr'>quam</span> <span class='ocrx_word' id='word_1_473' title='bbox 1707 345 1866 390; x_wconf 87' lang='lat' dir='ltr'>permittit</span> <span class='ocrx_word' id='word_1_474' title='bbox 1878 346 2047 381; x_wconf 88' lang='lat' dir='ltr'>Dominus</span> <span class='ocrx_word' id='word_1_475' title='bbox 2058 369 2067 383; x_wconf 81' lang='lat'>‚</span> <span class='ocrx_word' id='word_1_476' title='bbox 2081 344 2116 379; x_wconf 90' lang='lat' dir='ltr'>in</span> 
     </span>
     <span class='ocr_line' id='line_1_75' title="bbox 1279 391 2118 440; baseline 0 -14"><span class='ocrx_word' id='word_1_477' title='bbox 1279 402 1466 439; x_wconf 86' lang='lat' dir='ltr'>temporum</span> <span class='ocrx_word' id='word_1_478' title='bbox 1475 392 1616 426; x_wconf 77' lang='lat' dir='ltr'>articulis</span> <span class='ocrx_word' id='word_1_479' title='bbox 1627 391 1722 427; x_wconf 80' lang='lat' dir='ltr'>fimus</span> <span class='ocrx_word' id='word_1_480' title='bbox 1731 391 1949 430; x_wconf 85' lang='lat' dir='ltr'>soliciti.Nam</span> <span class='ocrx_word' id='word_1_481' title='bbox 1961 394 2118 440; x_wconf 81' lang='lat' dir='ltr'>praecipua</span> 
     </span>
    </p>
   </div>
   <div class='ocr_carea' id='block_1_11' title="bbox 1264 438 2118 487">
    <p class='ocr_par' dir='ltr' id='par_1_15' title="bbox 1264 438 2118 487">
     <span class='ocr_line' id='line_1_76' title="bbox 1264 438 2118 487; baseline -0.001 -12"><span class='ocrx_word' id='word_1_482' title='bbox 1264 442 1267 443; x_wconf 47' lang='lat'><em>⁷</em></span> <span class='ocrx_word' id='word_1_483' title='bbox 1281 453 1352 487; x_wconf 82' lang='lat' dir='ltr'>pars</span> <span class='ocrx_word' id='word_1_484' title='bbox 1369 438 1528 487; x_wconf 68' lang='lat' dir='ltr'>sapientiae</span> <span class='ocrx_word' id='word_1_485' title='bbox 1539 439 1652 475; x_wconf 85' lang='lat' dir='ltr'>nostrae</span> <span class='ocrx_word' id='word_1_486' title='bbox 1662 441 1696 473; x_wconf 90' lang='lat' dir='ltr'>in</span> <span class='ocrx_word' id='word_1_487' title='bbox 1707 453 1748 474; x_wconf 92' lang='lat' dir='ltr'>eo</span> <span class='ocrx_word' id='word_1_488' title='bbox 1765 442 1945 482; x_wconf 55' lang='lat' dir='ltr'>conststitssx</span> <span class='ocrx_word' id='word_1_489' title='bbox 1958 455 2018 477; x_wconf 87' lang='lat' dir='ltr'>nos</span> <span class='ocrx_word' id='word_1_490' title='bbox 2034 442 2118 475; x_wconf 85' lang='lat' dir='ltr'>intra</span> 
     </span>
    </p>
   </div>
   <div class='ocr_carea' id='block_1_12' title="bbox 1281 487 2133 1314">
    <p class='ocr_par' dir='ltr' id='par_1_16' title="bbox 1281 487 2133 1314">
     <span class='ocr_line' id='line_1_77' title="bbox 1281 487 2119 534; baseline 0.002 -11"><span class='ocrx_word' id='word_1_491' title='bbox 1281 489 1375 534; x_wconf 80' lang='lat' dir='ltr'>verbi</span> <span class='ocrx_word' id='word_1_492' title='bbox 1392 489 1459 524; x_wconf 88' lang='lat' dir='ltr'>Dei</span> <span class='ocrx_word' id='word_1_493' title='bbox 1477 489 1638 530; x_wconf 79' lang='lat' dir='ltr'>cancellos</span> <span class='ocrx_word' id='word_1_494' title='bbox 1657 487 2119 534; x_wconf 21' lang='lat' dir='ltr'>sobrie-continemusfflorrb</span> 
     </span>
     <span class='ocr_line' id='line_1_78' title="bbox 1282 536 2122 576; baseline 0 -4"><span class='ocrx_word' id='word_1_495' title='bbox 1282 550 1324 573; x_wconf 89' lang='lat' dir='ltr'>ne</span> <span class='ocrx_word' id='word_1_496' title='bbox 1333 537 1523 573; x_wconf 86' lang='lat' dir='ltr'>hominibus</span> <span class='ocrx_word' id='word_1_497' title='bbox 1535 537 1708 575; x_wconf 76' lang='lat' dir='ltr'>molestum</span> <span class='ocrx_word' id='word_1_498' title='bbox 1721 536 1758 573; x_wconf 84' lang='lat' dir='ltr'>sit</span> <span class='ocrx_word' id='word_1_499' title='bbox 1769 541 1856 575; x_wconf 87' lang='lat' dir='ltr'>diem</span> <span class='ocrx_word' id='word_1_500' title='bbox 1876 540 1970 575; x_wconf 85' lang='lat' dir='ltr'>illum</span> <span class='ocrx_word' id='word_1_501' title='bbox 1988 539 2122 576; x_wconf 83' lang='lat' dir='ltr'>nescire,</span> 
     </span>
     <span class='ocr_line' id='line_1_79' title="bbox 1285 583 2125 633; baseline 0 -12"><span class='ocrx_word' id='word_1_502' title='bbox 1285 587 1436 633; x_wconf 87' lang='lat' dir='ltr'>Angelos</span> <span class='ocrx_word' id='word_1_503' title='bbox 1457 587 1504 621; x_wconf 85' lang='lat' dir='ltr'>eis</span> <span class='ocrx_word' id='word_1_504' title='bbox 1523 585 1670 621; x_wconf 84' lang='lat' dir='ltr'>Christus</span> <span class='ocrx_word' id='word_1_505' title='bbox 1686 583 1833 622; x_wconf 77' lang='lat' dir='ltr'>associat:</span> <span class='ocrx_word' id='word_1_506' title='bbox 1849 590 1956 624; x_wconf 89' lang='lat' dir='ltr'>nimiae</span> <span class='ocrx_word' id='word_1_507' title='bbox 1967 589 2054 623; x_wconf 87' lang='lat' dir='ltr'>enim</span> <span class='ocrx_word' id='word_1_508' title='bbox 2075 585 2125 621; x_wconf 90' lang='lat' dir='ltr'>su-</span> 
     </span>
     <span class='ocr_line' id='line_1_80' title="bbox 1285 634 2126 685; baseline 0.001 -17"><span class='ocrx_word' id='word_1_509' title='bbox 1285 635 1405 682; x_wconf 82' lang='lat' dir='ltr'>perbiae</span> <span class='ocrx_word' id='word_1_510' title='bbox 1417 648 1452 670; x_wconf 90' lang='lat' dir='ltr'>ac</span> <span class='ocrx_word' id='word_1_511' title='bbox 1463 634 1620 681; x_wconf 73' lang='lat' dir='ltr'>improbae</span> <span class='ocrx_word' id='word_1_512' title='bbox 1631 635 1813 680; x_wconf 81' lang='lat' dir='ltr'>cupiditatis</span> <span class='ocrx_word' id='word_1_513' title='bbox 1823 636 1908 673; x_wconf 90' lang='lat' dir='ltr'>foret</span> <span class='ocrx_word' id='word_1_514' title='bbox 1921 661 1932 677; x_wconf 90' lang='lat'><strong>,</strong></span> <span class='ocrx_word' id='word_1_515' title='bbox 1943 639 2013 685; x_wconf 79' lang='lat' dir='ltr'>plus</span> <span class='ocrx_word' id='word_1_516' title='bbox 2027 635 2126 670; x_wconf 88' lang='lat' dir='ltr'>nobis</span> 
     </span>
     <span class='ocr_line' id='line_1_81' title="bbox 1287 682 2127 734; baseline -0.006 -17"><span class='ocrx_word' id='word_1_517' title='bbox 1287 684 1509 730; x_wconf 85' lang='lat' dir='ltr'>appetere‚qui</span> <span class='ocrx_word' id='word_1_518' title='bbox 1521 682 1736 731; x_wconf 80' lang='lat' dir='ltr'>superterram</span> <span class='ocrx_word' id='word_1_519' title='bbox 1747 692 1909 731; x_wconf 82' lang='lat' dir='ltr'>repramus</span> <span class='ocrx_word' id='word_1_520' title='bbox 1917 708 1927 726; x_wconf 91' lang='lat'><strong>,</strong></span> <span class='ocrx_word' id='word_1_521' title='bbox 1956 686 2053 734; x_wconf 69' lang='lat' dir='ltr'>quam</span> <span class='ocrx_word' id='word_1_522' title='bbox 2064 688 2127 719; x_wconf 63' lang='grc' dir='ltr'>ἐκ-</span> 
     </span>
     <span class='ocr_line' id='line_1_82' title="bbox 1290 730 2129 780; baseline 0.002 -14"><span class='ocrx_word' id='word_1_523' title='bbox 1290 732 1423 767; x_wconf 87' lang='lat' dir='ltr'>lestibus</span> <span class='ocrx_word' id='word_1_524' title='bbox 1433 733 1571 780; x_wconf 86' lang='lat' dir='ltr'>Angelis</span> <span class='ocrx_word' id='word_1_525' title='bbox 1588 730 1770 767; x_wconf 80' lang='lat' dir='ltr'>concessum</span> <span class='ocrx_word' id='word_1_526' title='bbox 1781 732 1828 768; x_wconf 83' lang='lat' dir='ltr'>sit.</span> <span class='ocrx_word' id='word_1_527' title='bbox 1852 735 1949 780; x_wconf 88' lang='lat' dir='ltr'>Apud</span> <span class='ocrx_word' id='word_1_528' title='bbox 1976 736 2129 771; x_wconf 78' lang='lat' dir='ltr'>Marcum</span> 
     </span>
     <span class='ocr_line' id='line_1_83' title="bbox 1290 781 2130 829; baseline 0.002 -15"><span class='ocrx_word' id='word_1_529' title='bbox 1290 781 1416 815; x_wconf 85' lang='lat' dir='ltr'>additur</span> <span class='ocrx_word' id='word_1_530' title='bbox 1425 803 1434 819; x_wconf 92' lang='lat'>‚</span> <span class='ocrx_word' id='word_1_531' title='bbox 1445 783 1548 816; x_wconf 64' lang='lat' dir='ltr'>enam</span> <span class='ocrx_word' id='word_1_532' title='bbox 1557 786 1579 814; x_wconf 89' lang='lat' dir='ltr'><em>F</em></span> <span class='ocrx_word' id='word_1_533' title='bbox 1581 783 1652 814; x_wconf 77' lang='lat' dir='ltr'>ihus</span> <span class='ocrx_word' id='word_1_534' title='bbox 1662 781 1814 822; x_wconf 72' lang='lat' dir='ltr'>hominis.)</span> <span class='ocrx_word' id='word_1_535' title='bbox 1833 783 1939 818; x_wconf 68' lang='lat' dir='ltr'>Porro</span> <span class='ocrx_word' id='word_1_536' title='bbox 1950 794 1999 819; x_wconf 86' lang='lat' dir='ltr'>ter</span> <span class='ocrx_word' id='word_1_537' title='bbox 2008 786 2040 818; x_wconf 70' lang='grc' dir='ltr'>δε</span> <span class='ocrx_word' id='word_1_538' title='bbox 2050 794 2130 829; x_wconf 87' lang='lat' dir='ltr'>qua-</span> 
     </span>
     <span class='ocr_line' id='line_1_84' title="bbox 1289 827 2131 878; baseline 0 -14"><span class='ocrx_word' id='word_1_539' title='bbox 1289 841 1338 864; x_wconf 89' lang='lat' dir='ltr'>ter</span> <span class='ocrx_word' id='word_1_540' title='bbox 1349 827 1473 863; x_wconf 73' lang='lat' dir='ltr'>insanus</span> <span class='ocrx_word' id='word_1_541' title='bbox 1483 828 1568 864; x_wconf 85' lang='lat' dir='ltr'>foret</span> <span class='ocrx_word' id='word_1_542' title='bbox 1580 828 1672 877; x_wconf 83' lang='lat' dir='ltr'>quise</span> <span class='ocrx_word' id='word_1_543' title='bbox 1681 831 1840 878; x_wconf 86' lang='lat' dir='ltr'>grauatim</span> <span class='ocrx_word' id='word_1_544' title='bbox 1856 831 2048 878; x_wconf 69' lang='lat' dir='ltr'>ignorantiae</span> <span class='ocrx_word' id='word_1_545' title='bbox 2059 829 2131 865; x_wconf 89' lang='lat' dir='ltr'>sub-</span> 
     </span>
     <span class='ocr_line' id='line_1_85' title="bbox 1288 877 2131 926; baseline 0.002 -15"><span class='ocrx_word' id='word_1_546' title='bbox 1288 878 1420 917; x_wconf 82' lang='lat' dir='ltr'>iiceret,</span> <span class='ocrx_word' id='word_1_547' title='bbox 1432 890 1528 925; x_wconf 87' lang='lat' dir='ltr'>quam</span> <span class='ocrx_word' id='word_1_548' title='bbox 1540 877 1655 926; x_wconf 87' lang='lat' dir='ltr'>neipse</span> <span class='ocrx_word' id='word_1_549' title='bbox 1667 878 1801 925; x_wconf 87' lang='lat' dir='ltr'>quidem</span> <span class='ocrx_word' id='word_1_550' title='bbox 1820 881 1887 915; x_wconf 91' lang='lat' dir='ltr'>Dei</span> <span class='ocrx_word' id='word_1_551' title='bbox 1906 881 2004 915; x_wconf 87' lang='lat' dir='ltr'>Filius</span> <span class='ocrx_word' id='word_1_552' title='bbox 2021 879 2131 914; x_wconf 82' lang='lat' dir='ltr'>nostra</span> 
     </span>
     <span class='ocr_line' id='line_1_86' title="bbox 1288 925 2131 977; baseline 0 -15"><span class='ocrx_word' id='word_1_553' title='bbox 1288 926 1375 967; x_wconf 81' lang='lat' dir='ltr'>causa</span> <span class='ocrx_word' id='word_1_554' title='bbox 1385 925 1492 961; x_wconf 85' lang='lat' dir='ltr'>subire</span> <span class='ocrx_word' id='word_1_555' title='bbox 1508 927 1632 962; x_wconf 87' lang='lat' dir='ltr'>abnuit.</span> <span class='ocrx_word' id='word_1_556' title='bbox 1651 927 1817 964; x_wconf 65' lang='lat' dir='ltr'>Caetertim</span> <span class='ocrx_word' id='word_1_557' title='bbox 1835 929 1909 977; x_wconf 84' lang='lat' dir='ltr'>quia</span> <span class='ocrx_word' id='word_1_558' title='bbox 1921 929 1983 964; x_wconf 86' lang='lat' dir='ltr'>hoc</span> <span class='ocrx_word' id='word_1_559' title='bbox 1994 927 2131 964; x_wconf 83' lang='lat' dir='ltr'>Christo</span> 
     </span>
     <span class='ocr_line' id='line_1_87' title="bbox 1286 975 2133 1023; baseline 0.002 -15"><span class='ocrx_word' id='word_1_560' title='bbox 1286 975 1461 1023; x_wconf 85' lang='lat' dir='ltr'>indignum</span> <span class='ocrx_word' id='word_1_561' title='bbox 1472 976 1531 1010; x_wconf 78' lang='lat' dir='ltr'>effe</span> <span class='ocrx_word' id='word_1_562' title='bbox 1543 977 1637 1011; x_wconf 85' lang='lat' dir='ltr'>multi</span> <span class='ocrx_word' id='word_1_563' title='bbox 1657 976 1934 1022; x_wconf 74' lang='lat' dir='ltr'>putabant‚conati</span> <span class='ocrx_word' id='word_1_564' title='bbox 1950 977 2020 1012; x_wconf 89' lang='lat' dir='ltr'>sunt</span> <span class='ocrx_word' id='word_1_565' title='bbox 2033 977 2133 1012; x_wconf 74' lang='lat' dir='ltr'>huius</span> 
     </span>
     <span class='ocr_line' id='line_1_88' title="bbox 1286 1023 2129 1062; baseline 0.004 -4"><span class='ocrx_word' id='word_1_566' title='bbox 1286 1023 1448 1060; x_wconf 71' lang='lat' dir='ltr'>sententiae</span> <span class='ocrx_word' id='word_1_567' title='bbox 1467 1025 1619 1060; x_wconf 89' lang='lat' dir='ltr'>duritiem</span> <span class='ocrx_word' id='word_1_568' title='bbox 1637 1026 1692 1058; x_wconf 91' lang='lat' dir='ltr'>suo</span> <span class='ocrx_word' id='word_1_569' title='bbox 1713 1038 1908 1061; x_wconf 87' lang='lat' dir='ltr'>commento</span> <span class='ocrx_word' id='word_1_570' title='bbox 1930 1027 2044 1062; x_wconf 79' lang='lat' dir='ltr'>lenire.</span> <span class='ocrx_word' id='word_1_571' title='bbox 2073 1025 2129 1061; x_wconf 88' lang='lat' dir='ltr'>Ad</span> 
     </span>
     <span class='ocr_line' id='line_1_89' title="bbox 1286 1071 2130 1120; baseline 0.004 -14"><span class='ocrx_word' id='word_1_572' title='bbox 1286 1074 1479 1119; x_wconf 67' lang='lat' dir='ltr'>captandum</span> <span class='ocrx_word' id='word_1_573' title='bbox 1492 1074 1589 1107; x_wconf 88' lang='lat' dir='ltr'>etiarn</span> <span class='ocrx_word' id='word_1_574' title='bbox 1610 1071 1841 1120; x_wconf 82' lang='lat' dir='ltr'>subterfugium</span> <span class='ocrx_word' id='word_1_575' title='bbox 1856 1089 1911 1110; x_wconf 86' lang='lat' dir='ltr'>eos</span> <span class='ocrx_word' id='word_1_576' title='bbox 1922 1074 2009 1110; x_wconf 76' lang='lat' dir='ltr'>forte</span> <span class='ocrx_word' id='word_1_577' title='bbox 2033 1088 2130 1110; x_wconf 79' lang='lat' dir='ltr'>com-</span> 
     </span>
     <span class='ocr_line' id='line_1_90' title="bbox 1285 1122 2128 1169; baseline 0.005 -15"><span class='ocrx_word' id='word_1_578' title='bbox 1285 1122 1367 1167; x_wconf 89' lang='lat' dir='ltr'>pulit</span> <span class='ocrx_word' id='word_1_579' title='bbox 1379 1122 1593 1156; x_wconf 85' lang='lat' dir='ltr'>Arrianorum</span> <span class='ocrx_word' id='word_1_580' title='bbox 1606 1122 1797 1169; x_wconf 70' lang='lat' dir='ltr'>nialitia‚qui</span> <span class='ocrx_word' id='word_1_581' title='bbox 1809 1123 1886 1158; x_wconf 84' lang='lat' dir='ltr'>hinc</span> <span class='ocrx_word' id='word_1_582' title='bbox 1899 1125 2049 1158; x_wconf 84' lang='lat' dir='ltr'>euincere</span> <span class='ocrx_word' id='word_1_583' title='bbox 2067 1136 2128 1158; x_wconf 86' lang='lat' dir='ltr'>co-</span> 
     </span>
     <span class='ocr_line' id='line_1_91' title="bbox 1284 1168 2128 1208; baseline 0.004 -5"><span class='ocrx_word' id='word_1_584' title='bbox 1284 1170 1353 1204; x_wconf 87' lang='lat' dir='ltr'>nati</span> <span class='ocrx_word' id='word_1_585' title='bbox 1369 1168 1440 1204; x_wconf 84' lang='lat' dir='ltr'>sunt</span> <span class='ocrx_word' id='word_1_586' title='bbox 1463 1170 1630 1205; x_wconf 85' lang='lat' dir='ltr'>Christum</span> <span class='ocrx_word' id='word_1_587' title='bbox 1650 1183 1716 1204; x_wconf 84' lang='lat' dir='ltr'>non</span> <span class='ocrx_word' id='word_1_588' title='bbox 1728 1170 1788 1205; x_wconf 77' lang='lat' dir='ltr'>ess&#39;e</span> <span class='ocrx_word' id='word_1_589' title='bbox 1805 1183 1917 1206; x_wconf 87' lang='lat' dir='ltr'>verum</span> <span class='ocrx_word' id='word_1_590' title='bbox 1943 1176 1975 1207; x_wconf 85' lang='lat'>&amp;</span> <span class='ocrx_word' id='word_1_591' title='bbox 1994 1175 2128 1208; x_wconf 84' lang='lat' dir='ltr'>vnicum</span> 
     </span>
     <span class='ocr_line' id='line_1_92' title="bbox 1284 1218 2128 1265; baseline 0.002 -13"><span class='ocrx_word' id='word_1_592' title='bbox 1284 1219 1407 1254; x_wconf 82' lang='lat' dir='ltr'>Deum.</span> <span class='ocrx_word' id='word_1_593' title='bbox 1433 1219 1523 1265; x_wconf 85' lang='lat' dir='ltr'>Ergo</span> <span class='ocrx_word' id='word_1_594' title='bbox 1539 1218 1715 1255; x_wconf 67' lang='lat' dir='ltr'>secundum</span> <span class='ocrx_word' id='word_1_595' title='bbox 1736 1232 1812 1258; x_wconf 74' lang='grc' dir='ltr'>εοε,</span> <span class='ocrx_word' id='word_1_596' title='bbox 1832 1219 1966 1256; x_wconf 87' lang='lat' dir='ltr'>nesciuit</span> <span class='ocrx_word' id='word_1_597' title='bbox 1977 1220 2128 1256; x_wconf 72' lang='lat' dir='ltr'>Christus</span> 
     </span>
     <span class='ocr_line' id='line_1_93' title="bbox 1285 1266 2129 1314; baseline 0.005 -14"><span class='ocrx_word' id='word_1_598' title='bbox 1285 1266 1372 1302; x_wconf 89' lang='lat' dir='ltr'>diem</span> <span class='ocrx_word' id='word_1_599' title='bbox 1384 1278 1576 1303; x_wconf 81' lang='lat' dir='ltr'>extremum,</span> <span class='ocrx_word' id='word_1_600' title='bbox 1589 1268 1662 1314; x_wconf 86' lang='lat' dir='ltr'>quia</span> <span class='ocrx_word' id='word_1_601' title='bbox 1672 1267 1742 1302; x_wconf 84' lang='lat' dir='ltr'>aliis</span> <span class='ocrx_word' id='word_1_602' title='bbox 1754 1267 1931 1314; x_wconf 78' lang='lat' dir='ltr'>patefacere</span> <span class='ocrx_word' id='word_1_603' title='bbox 1941 1268 2129 1305; x_wconf 83' lang='lat' dir='ltr'>noluit.Sed</span> 
     </span>
    </p>
   </div>
   <div class='ocr_carea' id='block_1_13' title="bbox 1269 1314 2129 1364">
    <p class='ocr_par' dir='ltr' id='par_1_17' title="bbox 1269 1314 2129 1364">
     <span class='ocr_line' id='line_1_94' title="bbox 1269 1314 2129 1364; baseline 0.002 -14"><span class='ocrx_word' id='word_1_604' title='bbox 1269 1344 1272 1350; x_wconf 90' lang='lat'><em>.</em></span> <span class='ocrx_word' id='word_1_605' title='bbox 1284 1328 1385 1362; x_wconf 85' lang='lat' dir='ltr'>quum</span> <span class='ocrx_word' id='word_1_606' title='bbox 1397 1316 1500 1362; x_wconf 71' lang='lat' dir='ltr'>palam</span> <span class='ocrx_word' id='word_1_607' title='bbox 1511 1314 1560 1353; x_wconf 79' lang='lat' dir='ltr'>sit,</span> <span class='ocrx_word' id='word_1_608' title='bbox 1571 1315 1702 1350; x_wconf 69' lang='lat' dir='ltr'>Christo</span> <span class='ocrx_word' id='word_1_609' title='bbox 1714 1329 1925 1352; x_wconf 82' lang='lat' dir='ltr'>communem</span> <span class='ocrx_word' id='word_1_610' title='bbox 1945 1331 2018 1352; x_wconf 88' lang='lat' dir='ltr'>cum</span> <span class='ocrx_word' id='word_1_611' title='bbox 2031 1322 2129 1364; x_wconf 84' lang='lat' dir='ltr'>Ange</span> 
     </span>
    </p>
   </div>
   <div class='ocr_carea' id='block_1_14' title="bbox 1283 1363 2135 2041">
    <p class='ocr_par' dir='ltr' id='par_1_18' title="bbox 1283 1363 2135 2041">
     <span class='ocr_line' id='line_1_95' title="bbox 1284 1363 2131 1413; baseline 0.002 -16"><span class='ocrx_word' id='word_1_612' title='bbox 1284 1365 1323 1398; x_wconf 85' lang='lat' dir='ltr'>lis</span> <span class='ocrx_word' id='word_1_613' title='bbox 1334 1364 1553 1413; x_wconf 83' lang='lat' dir='ltr'>ignorantiam</span> <span class='ocrx_word' id='word_1_614' title='bbox 1564 1363 1678 1402; x_wconf 81' lang='lat' dir='ltr'>tribui,</span> <span class='ocrx_word' id='word_1_615' title='bbox 1691 1364 1771 1399; x_wconf 81' lang='lat' dir='ltr'>alius</span> <span class='ocrx_word' id='word_1_616' title='bbox 1791 1363 1894 1400; x_wconf 86' lang='lat' dir='ltr'>sensus</span> <span class='ocrx_word' id='word_1_617' title='bbox 1914 1366 2019 1413; x_wconf 85' lang='lat' dir='ltr'>aptior</span> <span class='ocrx_word' id='word_1_618' title='bbox 2029 1366 2131 1400; x_wconf 85' lang='lat' dir='ltr'>nobis</span> 
     </span>
     <span class='ocr_line' id='line_1_96' title="bbox 1283 1412 2125 1460; baseline 0.001 -13"><span class='ocrx_word' id='word_1_619' title='bbox 1283 1415 1479 1459; x_wconf 84' lang='lat' dir='ltr'>quaerendus</span> <span class='ocrx_word' id='word_1_620' title='bbox 1489 1412 1648 1459; x_wconf 82' lang='lat' dir='ltr'>est‚quem</span> <span class='ocrx_word' id='word_1_621' title='bbox 1665 1423 1838 1460; x_wconf 84' lang='lat' dir='ltr'>antequam</span> <span class='ocrx_word' id='word_1_622' title='bbox 1850 1412 1983 1460; x_wconf 89' lang='lat' dir='ltr'>profero</span> <span class='ocrx_word' id='word_1_623' title='bbox 1993 1438 2002 1453; x_wconf 87' lang='lat'>‚</span> <span class='ocrx_word' id='word_1_624' title='bbox 2012 1414 2125 1450; x_wconf 84' lang='lat' dir='ltr'>breui-</span> 
     </span>
     <span class='ocr_line' id='line_1_97' title="bbox 1283 1461 2132 1510; baseline 0.004 -15"><span class='ocrx_word' id='word_1_625' title='bbox 1283 1472 1332 1496; x_wconf 88' lang='lat' dir='ltr'>ter</span> <span class='ocrx_word' id='word_1_626' title='bbox 1345 1463 1465 1503; x_wconf 81' lang='lat' dir='ltr'>diluam</span> <span class='ocrx_word' id='word_1_627' title='bbox 1476 1473 1590 1496; x_wconf 85' lang='lat' dir='ltr'>eorum</span> <span class='ocrx_word' id='word_1_628' title='bbox 1601 1461 1731 1496; x_wconf 60' lang='lat' dir='ltr'>obietfta</span> <span class='ocrx_word' id='word_1_629' title='bbox 1740 1463 1795 1510; x_wconf 85' lang='lat' dir='ltr'>qui</span> <span class='ocrx_word' id='word_1_630' title='bbox 1807 1463 1926 1499; x_wconf 84' lang='lat' dir='ltr'>Filium</span> <span class='ocrx_word' id='word_1_631' title='bbox 1936 1463 2003 1498; x_wconf 85' lang='lat' dir='ltr'>Dei</span> <span class='ocrx_word' id='word_1_632' title='bbox 2013 1474 2132 1500; x_wconf 87' lang='lat' dir='ltr'>contu-</span> 
     </span>
     <span class='ocr_line' id='line_1_98' title="bbox 1284 1509 2133 1560; baseline 0.001 -15"><span class='ocrx_word' id='word_1_633' title='bbox 1284 1511 1380 1545; x_wconf 82' lang='lat' dir='ltr'>melia</span> <span class='ocrx_word' id='word_1_634' title='bbox 1391 1509 1477 1546; x_wconf 86' lang='lat' dir='ltr'>affici</span> <span class='ocrx_word' id='word_1_635' title='bbox 1486 1509 1636 1556; x_wconf 85' lang='lat' dir='ltr'>putant‚s1</span> <span class='ocrx_word' id='word_1_636' title='bbox 1648 1511 1679 1543; x_wconf 86' lang='lat' dir='ltr'>in</span> <span class='ocrx_word' id='word_1_637' title='bbox 1691 1523 1764 1544; x_wconf 82' lang='lat' dir='ltr'>eum</span> <span class='ocrx_word' id='word_1_638' title='bbox 1775 1512 1837 1547; x_wconf 89' lang='lat' dir='ltr'>vlla</span> <span class='ocrx_word' id='word_1_639' title='bbox 1855 1513 2021 1560; x_wconf 74' lang='lat' dir='ltr'>ignoratia</span> <span class='ocrx_word' id='word_1_640' title='bbox 2040 1525 2133 1548; x_wconf 86' lang='lat' dir='ltr'>com-</span> 
     </span>
     <span class='ocr_line' id='line_1_99' title="bbox 1284 1558 2131 1605; baseline 0.001 -13"><span class='ocrx_word' id='word_1_641' title='bbox 1284 1571 1396 1605; x_wconf 85' lang='lat' dir='ltr'>petere</span> <span class='ocrx_word' id='word_1_642' title='bbox 1407 1559 1660 1594; x_wconf 81' lang='lat' dir='ltr'>dicatur.Primo</span> <span class='ocrx_word' id='word_1_643' title='bbox 1673 1558 1762 1604; x_wconf 76' lang='lat' dir='ltr'>quod</span> <span class='ocrx_word' id='word_1_644' title='bbox 1775 1559 2037 1599; x_wconf 87' lang='lat' dir='ltr'>obiiciunt‚Deo</span> <span class='ocrx_word' id='word_1_645' title='bbox 2048 1559 2131 1594; x_wconf 86' lang='lat' dir='ltr'>nihil</span> 
     </span>
     <span class='ocr_line' id='line_1_100' title="bbox 1285 1598 2131 1655; baseline 0.001 -13"><span class='ocrx_word' id='word_1_646' title='bbox 1285 1605 1346 1642; x_wconf 82' lang='lat' dir='ltr'>effe</span> <span class='ocrx_word' id='word_1_647' title='bbox 1355 1598 1685 1655; x_wconf 67' lang='lat' dir='ltr'>incognirunnfacilis</span> <span class='ocrx_word' id='word_1_648' title='bbox 1698 1606 1742 1641; x_wconf 87' lang='lat' dir='ltr'>est</span> <span class='ocrx_word' id='word_1_649' title='bbox 1753 1604 1884 1642; x_wconf 84' lang='lat' dir='ltr'>solutio.</span> <span class='ocrx_word' id='word_1_650' title='bbox 1904 1609 2030 1643; x_wconf 84' lang='lat' dir='ltr'>Scimus</span> <span class='ocrx_word' id='word_1_651' title='bbox 2041 1610 2131 1643; x_wconf 86' lang='lat' dir='ltr'>enim</span> 
     </span>
     <span class='ocr_line' id='line_1_101' title="bbox 1286 1654 2132 1704; baseline 0 -13"><span class='ocrx_word' id='word_1_652' title='bbox 1286 1657 1362 1704; x_wconf 14' lang='lat' dir='ltr'>duxias</span> <span class='ocrx_word' id='word_1_653' title='bbox 1380 1666 1508 1690; x_wconf 86' lang='lat' dir='ltr'>naturas</span> <span class='ocrx_word' id='word_1_654' title='bbox 1520 1657 1552 1689; x_wconf 89' lang='lat' dir='ltr'>in</span> <span class='ocrx_word' id='word_1_655' title='bbox 1568 1654 1702 1690; x_wconf 79' lang='lat' dir='ltr'>Christo</span> <span class='ocrx_word' id='word_1_656' title='bbox 1716 1655 1760 1689; x_wconf 79' lang='lat' dir='ltr'>ita</span> <span class='ocrx_word' id='word_1_657' title='bbox 1778 1654 1868 1691; x_wconf 73' lang='lat' dir='ltr'>fuisl&#39;e</span> <span class='ocrx_word' id='word_1_658' title='bbox 1886 1656 2076 1692; x_wconf 67' lang='lat' dir='ltr'>coniunetas</span> <span class='ocrx_word' id='word_1_659' title='bbox 2097 1659 2132 1691; x_wconf 88' lang='lat' dir='ltr'>in</span> 
     </span>
     <span class='ocr_line' id='line_1_102' title="bbox 1286 1702 2132 1751; baseline 0 -11"><span class='ocrx_word' id='word_1_660' title='bbox 1286 1717 1382 1740; x_wconf 86' lang='lat' dir='ltr'>vnarn</span> <span class='ocrx_word' id='word_1_661' title='bbox 1394 1703 1612 1750; x_wconf 82' lang='lat' dir='ltr'>personam,vt</span> <span class='ocrx_word' id='word_1_662' title='bbox 1622 1702 1672 1738; x_wconf 88' lang='lat' dir='ltr'>sua</span> <span class='ocrx_word' id='word_1_663' title='bbox 1684 1703 1801 1750; x_wconf 86' lang='lat' dir='ltr'>cuique</span> <span class='ocrx_word' id='word_1_664' title='bbox 1813 1707 1998 1751; x_wconf 75' lang='lat' dir='ltr'>proprietas</span> <span class='ocrx_word' id='word_1_665' title='bbox 2018 1719 2132 1740; x_wconf 87' lang='lat' dir='ltr'>mane-</span> 
     </span>
     <span class='ocr_line' id='line_1_103' title="bbox 1285 1752 2133 1801; baseline 0.001 -13"><span class='ocrx_word' id='word_1_666' title='bbox 1285 1753 1520 1800; x_wconf 74' lang='lat' dir='ltr'>rettprael&#39;ertim</span> <span class='ocrx_word' id='word_1_667' title='bbox 1532 1755 1611 1788; x_wconf 75' lang='lat' dir='ltr'>vero</span> <span class='ocrx_word' id='word_1_668' title='bbox 1621 1752 1752 1800; x_wconf 87' lang='lat' dir='ltr'>quieuit</span> <span class='ocrx_word' id='word_1_669' title='bbox 1761 1753 1929 1788; x_wconf 86' lang='lat' dir='ltr'>Diuinitas</span> <span class='ocrx_word' id='word_1_670' title='bbox 1940 1777 1950 1793; x_wconf 88' lang='lat'>,</span> <span class='ocrx_word' id='word_1_671' title='bbox 1961 1752 2057 1801; x_wconf 64' lang='lat' dir='ltr'>seque</span> <span class='ocrx_word' id='word_1_672' title='bbox 2067 1755 2133 1789; x_wconf 89' lang='lat' dir='ltr'>mi-</span> 
     </span>
     <span class='ocr_line' id='line_1_104' title="bbox 1286 1801 2133 1852; baseline 0.002 -16"><span class='ocrx_word' id='word_1_673' title='bbox 1286 1803 1375 1838; x_wconf 76' lang='lat' dir='ltr'>nime</span> <span class='ocrx_word' id='word_1_674' title='bbox 1386 1802 1508 1837; x_wconf 86' lang='lat' dir='ltr'>exeruit</span> <span class='ocrx_word' id='word_1_675' title='bbox 1517 1802 1650 1852; x_wconf 57' lang='lat' dir='ltr'>quoties</span> <span class='ocrx_word' id='word_1_676' title='bbox 1668 1803 1706 1835; x_wconf 90' lang='lat' dir='ltr'>ad</span> <span class='ocrx_word' id='word_1_677' title='bbox 1717 1801 1922 1847; x_wconf 85' lang='lat' dir='ltr'>implendum</span> <span class='ocrx_word' id='word_1_678' title='bbox 1934 1804 2133 1838; x_wconf 74' lang='lat' dir='ltr'>Mediatoris‘</span> 
     </span>
     <span class='ocr_line' id='line_1_105' title="bbox 1286 1847 2132 1892; baseline 0.004 -8"><span class='ocrx_word' id='word_1_679' title='bbox 1286 1849 1434 1886; x_wconf 86' lang='lat' dir='ltr'>officium</span> <span class='ocrx_word' id='word_1_680' title='bbox 1446 1847 1592 1885; x_wconf 85' lang='lat' dir='ltr'>interfuit</span> <span class='ocrx_word' id='word_1_681' title='bbox 1601 1849 1775 1884; x_wconf 87' lang='lat' dir='ltr'>humanam</span> <span class='ocrx_word' id='word_1_682' title='bbox 1787 1862 1931 1886; x_wconf 86' lang='lat' dir='ltr'>naturam</span> <span class='ocrx_word' id='word_1_683' title='bbox 1939 1850 2080 1892; x_wconf 75' lang='lat' dir='ltr'>seorsum</span> <span class='ocrx_word' id='word_1_684' title='bbox 2092 1866 2132 1887; x_wconf 91' lang='lat' dir='ltr'>o-</span> 
     </span>
     <span class='ocr_line' id='line_1_106' title="bbox 1287 1898 2132 1947; baseline 0.001 -13"><span class='ocrx_word' id='word_1_685' title='bbox 1287 1900 1391 1947; x_wconf 87' lang='lat' dir='ltr'>perari</span> <span class='ocrx_word' id='word_1_686' title='bbox 1401 1900 1490 1946; x_wconf 88' lang='lat' dir='ltr'>quod</span> <span class='ocrx_word' id='word_1_687' title='bbox 1506 1898 1594 1934; x_wconf 89' lang='lat' dir='ltr'>suum</span> <span class='ocrx_word' id='word_1_688' title='bbox 1608 1909 1684 1932; x_wconf 87' lang='lat' dir='ltr'>erat.</span> <span class='ocrx_word' id='word_1_689' title='bbox 1704 1901 1816 1941; x_wconf 82' lang='lat' dir='ltr'>Quare</span> <span class='ocrx_word' id='word_1_690' title='bbox 1827 1899 1910 1934; x_wconf 89' lang='lat' dir='ltr'>nihil</span> <span class='ocrx_word' id='word_1_691' title='bbox 1921 1899 2049 1935; x_wconf 92' lang='lat' dir='ltr'>absurdi</span> <span class='ocrx_word' id='word_1_692' title='bbox 2058 1898 2132 1940; x_wconf 82' lang='lat' dir='ltr'>fuit,</span> 
     </span>
     <span class='ocr_line' id='line_1_107' title="bbox 1288 1943 2135 1995; baseline -0.001 -12"><span class='ocrx_word' id='word_1_693' title='bbox 1288 1947 1468 1991; x_wconf 57' lang='lat' dir='ltr'>Christum,</span> <span class='ocrx_word' id='word_1_694' title='bbox 1485 1948 1541 1993; x_wconf 86' lang='lat' dir='ltr'>qui</span> <span class='ocrx_word' id='word_1_695' title='bbox 1553 1947 1663 1982; x_wconf 82' lang='lat' dir='ltr'>omnia</span> <span class='ocrx_word' id='word_1_696' title='bbox 1674 1943 1791 1980; x_wconf 84' lang='lat' dir='ltr'>sciebat</span> <span class='ocrx_word' id='word_1_697' title='bbox 1803 1969 1813 1986; x_wconf 82' lang='lat'>,</span> <span class='ocrx_word' id='word_1_698' title='bbox 1824 1949 1946 1995; x_wconf 86' lang='lat' dir='ltr'>aliquid</span> <span class='ocrx_word' id='word_1_699' title='bbox 1957 1949 2135 1984; x_wconf 67' lang='lat' dir='ltr'>secundum</span> 
     </span>
     <span class='ocr_line' id='line_1_108' title="bbox 1287 1993 2135 2041; baseline -0.001 -9"><span class='ocrx_word' id='word_1_700' title='bbox 1287 1994 1559 2033; x_wconf 86' lang='lat' dir='ltr'>hominissensum</span> <span class='ocrx_word' id='word_1_701' title='bbox 1574 1993 1818 2041; x_wconf 70' lang='lat' dir='ltr'>nesciretneque</span> <span class='ocrx_word' id='word_1_702' title='bbox 1830 1997 1918 2030; x_wconf 83' lang='lat' dir='ltr'>enim</span> <span class='ocrx_word' id='word_1_703' title='bbox 1930 1997 2020 2032; x_wconf 87' lang='lat' dir='ltr'>aliter</span> <span class='ocrx_word' id='word_1_704' title='bbox 2033 2002 2063 2033; x_wconf 89' lang='lat'>&amp;</span> <span class='ocrx_word' id='word_1_705' title='bbox 2074 1998 2135 2033; x_wconf 87' lang='lat' dir='ltr'>do·</span> 
     </span>
    </p>
   </div>
   <div class='ocr_carea' id='block_1_15' title="bbox 1255 2043 2134 2142">
    <p class='ocr_par' dir='ltr' id='par_1_19' title="bbox 1255 2043 2134 2142">
     <span class='ocr_line' id='line_1_109' title="bbox 1255 2043 2134 2082; baseline 0.005 -4"><span class='ocrx_word' id='word_1_706' title='bbox 1255 2051 1258 2054; x_wconf 84' lang='grc'><strong><em>’</em></strong></span> <span class='ocrx_word' id='word_1_707' title='bbox 1287 2045 1351 2079; x_wconf 90' lang='lat' dir='ltr'>lori</span> <span class='ocrx_word' id='word_1_708' title='bbox 1366 2049 1396 2080; x_wconf 69' lang='grc' dir='ltr'>ὃ(</span> <span class='ocrx_word' id='word_1_709' title='bbox 1412 2043 1564 2079; x_wconf 83' lang='lat' dir='ltr'>anxietati</span> <span class='ocrx_word' id='word_1_710' title='bbox 1581 2043 1764 2082; x_wconf 79' lang='lat' dir='ltr'>obnoxius,</span> <span class='ocrx_word' id='word_1_711' title='bbox 1777 2049 1807 2079; x_wconf 91' lang='lat'>&amp;</span> <span class='ocrx_word' id='word_1_712' title='bbox 1821 2044 1921 2079; x_wconf 87' lang='lat' dir='ltr'>nobis</span> <span class='ocrx_word' id='word_1_713' title='bbox 1940 2045 2053 2081; x_wconf 79' lang='lat' dir='ltr'>similis</span> <span class='ocrx_word' id='word_1_714' title='bbox 2072 2045 2134 2081; x_wconf 81' lang='lat' dir='ltr'>effe</span> 
     </span>
     <span class='ocr_line' id='line_1_110' title="bbox 1264 2089 2130 2142; baseline 0.001 -14"><span class='ocrx_word' id='word_1_715' title='bbox 1264 2097 1271 2104; x_wconf 93' lang='grc'><strong>”</strong></span> <span class='ocrx_word' id='word_1_716' title='bbox 1286 2093 1531 2142; x_wconf 74' lang='lat' dir='ltr'>poterat.Qod</span> <span class='ocrx_word' id='word_1_717' title='bbox 1553 2092 1634 2127; x_wconf 73' lang='lat' dir='ltr'>vero</span> <span class='ocrx_word' id='word_1_718' title='bbox 1648 2089 1811 2137; x_wconf 57' lang='lat' dir='ltr'>&amp;cipiunt</span> <span class='ocrx_word' id='word_1_719' title='bbox 1821 2094 1954 2140; x_wconf 88' lang='lat' dir='ltr'>quidam</span> <span class='ocrx_word' id='word_1_720' title='bbox 1965 2108 2033 2129; x_wconf 89' lang='lat' dir='ltr'>non</span> <span class='ocrx_word' id='word_1_721' title='bbox 2046 2107 2130 2130; x_wconf 89' lang='lat' dir='ltr'>con-</span> 
     </span>
    </p>
   </div>
   <div class='ocr_carea' id='block_1_16' title="bbox 1286 2140 2182 3160">
    <p class='ocr_par' dir='ltr' id='par_1_20' title="bbox 1287 2140 2138 2240">
     <span class='ocr_line' id='line_1_111' title="bbox 1287 2140 2138 2191; baseline 0.002 -14"><span class='ocrx_word' id='word_1_722' title='bbox 1287 2140 1780 2191; x_wconf 68' lang='lat' dir='ltr'>gruereagnorantiamChristo</span> <span class='ocrx_word' id='word_1_723' title='bbox 1791 2150 1877 2190; x_wconf 77' lang='lat' dir='ltr'>(quae</span> <span class='ocrx_word' id='word_1_724' title='bbox 1887 2154 1984 2188; x_wconf 85' lang='lat' dir='ltr'>poena</span> <span class='ocrx_word' id='word_1_725' title='bbox 1996 2143 2040 2178; x_wconf 88' lang='lat' dir='ltr'>est</span> <span class='ocrx_word' id='word_1_726' title='bbox 2052 2149 2138 2191; x_wconf 49' lang='lat' dir='ltr'>pec*</span> 
     </span>
     <span class='ocr_line' id='line_1_112' title="bbox 1288 2188 2129 2240; baseline -0.001 -13"><span class='ocrx_word' id='word_1_727' title='bbox 1288 2189 1541 2240; x_wconf 85' lang='lat' dir='ltr'>cati)plusquam</span> <span class='ocrx_word' id='word_1_728' title='bbox 1551 2188 1722 2225; x_wconf 84' lang='lat' dir='ltr'>absurdum</span> <span class='ocrx_word' id='word_1_729' title='bbox 1736 2189 1843 2225; x_wconf 79' lang='lat' dir='ltr'>est-Ac</span> <span class='ocrx_word' id='word_1_730' title='bbox 1853 2191 1962 2237; x_wconf 72' lang='lat' dir='ltr'>primo</span> <span class='ocrx_word' id='word_1_731' title='bbox 1973 2192 2071 2239; x_wconf 73' lang='lat' dir='ltr'>quide</span> <span class='ocrx_word' id='word_1_732' title='bbox 2080 2192 2129 2226; x_wconf 91' lang='lat' dir='ltr'>in·</span> 
     </span>
    </p>

    <p class='ocr_par' dir='ltr' id='par_1_21' title="bbox 1286 2239 2130 2289">
     <span class='ocr_line' id='line_1_113' title="bbox 1286 2239 2130 2289; baseline -0.002 -14"><span class='ocrx_word' id='word_1_733' title='bbox 1286 2240 1361 2276; x_wconf 77' lang='lat' dir='ltr'>scite</span> <span class='ocrx_word' id='word_1_734' title='bbox 1373 2239 1850 2289; x_wconf 84' lang='lat' dir='ltr'>nugantur,ign0rantiam(quae</span> <span class='ocrx_word' id='word_1_735' title='bbox 1861 2241 1998 2288; x_wconf 84' lang='lat' dir='ltr'>Angelis</span> <span class='ocrx_word' id='word_1_736' title='bbox 2012 2239 2130 2275; x_wconf 89' lang='lat' dir='ltr'>tribui-</span> 
     </span>
    </p>

    <p class='ocr_par' dir='ltr' id='par_1_22' title="bbox 1288 2285 2130 2336">
     <span class='ocr_line' id='line_1_114' title="bbox 1288 2285 2130 2336; baseline -0.002 -12"><span class='ocrx_word' id='word_1_737' title='bbox 1288 2300 1340 2324; x_wconf 86' lang='lat' dir='ltr'>tur</span> <span class='ocrx_word' id='word_1_738' title='bbox 1349 2294 1362 2329; x_wconf 94' lang='lat'>)</span> <span class='ocrx_word' id='word_1_739' title='bbox 1372 2302 1410 2324; x_wconf 87' lang='lat' dir='ltr'>ex</span> <span class='ocrx_word' id='word_1_740' title='bbox 1421 2300 1556 2336; x_wconf 89' lang='lat' dir='ltr'>peccato</span> <span class='ocrx_word' id='word_1_741' title='bbox 1568 2300 1696 2323; x_wconf 84' lang='lat' dir='ltr'>manare</span> <span class='ocrx_word' id='word_1_742' title='bbox 1706 2285 1758 2322; x_wconf 87' lang='lat' dir='ltr'>sed</span> <span class='ocrx_word' id='word_1_743' title='bbox 1769 2290 1802 2322; x_wconf 89' lang='lat' dir='ltr'>in</span> <span class='ocrx_word' id='word_1_744' title='bbox 1812 2288 1915 2324; x_wconf 85' lang='lat' dir='ltr'>altero</span> <span class='ocrx_word' id='word_1_745' title='bbox 1925 2302 1995 2324; x_wconf 91' lang='lat' dir='ltr'>non</span> <span class='ocrx_word' id='word_1_746' title='bbox 2019 2287 2130 2324; x_wconf 73' lang='lat' dir='ltr'>minus</span> 
     </span>
    </p>

    <p class='ocr_par' dir='ltr' id='par_1_23' title="bbox 1288 2336 2129 2385">
     <span class='ocr_line' id='line_1_115' title="bbox 1288 2336 2129 2385; baseline 0.001 -14"><span class='ocrx_word' id='word_1_747' title='bbox 1288 2337 1394 2372; x_wconf 77' lang='lat' dir='ltr'>insulsi</span> <span class='ocrx_word' id='word_1_748' title='bbox 1407 2337 1582 2385; x_wconf 73' lang='lat' dir='ltr'>sunt‚qubd</span> <span class='ocrx_word' id='word_1_749' title='bbox 1592 2349 1660 2371; x_wconf 89' lang='lat' dir='ltr'>non</span> <span class='ocrx_word' id='word_1_750' title='bbox 1671 2336 1850 2384; x_wconf 83' lang='lat' dir='ltr'>agnoscunt</span> <span class='ocrx_word' id='word_1_751' title='bbox 1866 2337 2033 2373; x_wconf 87' lang='lat' dir='ltr'>Christum</span> <span class='ocrx_word' id='word_1_752' title='bbox 2051 2338 2129 2373; x_wconf 87' lang='lat' dir='ltr'>ideo</span> 
     </span>
    </p>

    <p class='ocr_par' dir='ltr' id='par_1_24' title="bbox 1289 2385 2131 2434">
     <span class='ocr_line' id='line_1_116' title="bbox 1289 2385 2131 2434; baseline 0.001 -15"><span class='ocrx_word' id='word_1_753' title='bbox 1289 2397 1418 2420; x_wconf 85' lang='lat' dir='ltr'>carnem</span> <span class='ocrx_word' id='word_1_754' title='bbox 1429 2385 1570 2419; x_wconf 87' lang='lat' dir='ltr'>nostram</span> <span class='ocrx_word' id='word_1_755' title='bbox 1585 2385 1719 2420; x_wconf 78' lang='lat' dir='ltr'>induisse</span> <span class='ocrx_word' id='word_1_756' title='bbox 1731 2396 1765 2419; x_wconf 91' lang='lat' dir='ltr'>vt</span> <span class='ocrx_word' id='word_1_757' title='bbox 1776 2385 1901 2422; x_wconf 85' lang='lat' dir='ltr'>debitas</span> <span class='ocrx_word' id='word_1_758' title='bbox 1917 2388 2055 2434; x_wconf 86' lang='lat' dir='ltr'>peccatis</span> <span class='ocrx_word' id='word_1_759' title='bbox 2065 2398 2131 2420; x_wconf 91' lang='lat' dir='ltr'>no-</span> 
     </span>
    </p>

    <p class='ocr_par' dir='ltr' id='par_1_25' title="bbox 1291 2427 2128 2479">
     <span class='ocr_line' id='line_1_117' title="bbox 1291 2427 2128 2479; baseline 0.002 -13"><span class='ocrx_word' id='word_1_760' title='bbox 1291 2432 1362 2466; x_wconf 86' lang='lat' dir='ltr'>stris</span> <span class='ocrx_word' id='word_1_761' title='bbox 1373 2445 1486 2479; x_wconf 70' lang='lat' dir='ltr'>poenas</span> <span class='ocrx_word' id='word_1_762' title='bbox 1497 2433 1530 2466; x_wconf 83' lang='lat' dir='ltr'>in</span> <span class='ocrx_word' id='word_1_763' title='bbox 1542 2431 1572 2465; x_wconf 86' lang='lat' dir='ltr'>se</span> <span class='ocrx_word' id='word_1_764' title='bbox 1583 2427 1765 2478; x_wconf 84' lang='lat' dir='ltr'>susciperet.</span> <span class='ocrx_word' id='word_1_765' title='bbox 1777 2435 2001 2479; x_wconf 66' lang='lat' dir='ltr'>de.autem</span> <span class='ocrx_word' id='word_1_766' title='bbox 2015 2434 2128 2470; x_wconf 70' lang='lat' dir='ltr'>secun-</span> 
     </span>
    </p>

    <p class='ocr_par' dir='ltr' id='par_1_26' title="bbox 1289 2479 2131 2521">
     <span class='ocr_line' id='line_1_118' title="bbox 1289 2479 2131 2521; baseline 0.004 -7"><span class='ocrx_word' id='word_1_767' title='bbox 1289 2480 1368 2515; x_wconf 74' lang='lat' dir='ltr'>dum</span> <span class='ocrx_word' id='word_1_768' title='bbox 1378 2479 1550 2518; x_wconf 81' lang='lat' dir='ltr'>hominem</span> <span class='ocrx_word' id='word_1_769' title='bbox 1561 2479 1712 2515; x_wconf 83' lang='lat' dir='ltr'>Christus</span> <span class='ocrx_word' id='word_1_770' title='bbox 1721 2481 1773 2515; x_wconf 76' lang='lat' dir='ltr'>die</span> <span class='ocrx_word' id='word_1_771' title='bbox 1784 2483 1936 2518; x_wconf 83' lang='lat' dir='ltr'>Vltimum</span> <span class='ocrx_word' id='word_1_772' title='bbox 1948 2481 2131 2521; x_wconf 83' lang='lat' dir='ltr'>nesciuit,id</span> 
     </span>
    </p>

    <p class='ocr_par' dir='ltr' id='par_1_27' title="bbox 1289 2528 2145 2626">
     <span class='ocr_line' id='line_1_119' title="bbox 1289 2528 2145 2579; baseline 0.004 -17"><span class='ocrx_word' id='word_1_773' title='bbox 1289 2529 1397 2563; x_wconf 89' lang='lat' dir='ltr'>nihilo</span> <span class='ocrx_word' id='word_1_774' title='bbox 1409 2529 1511 2577; x_wconf 79' lang='lat' dir='ltr'>magis</span> <span class='ocrx_word' id='word_1_775' title='bbox 1521 2528 1651 2563; x_wconf 83' lang='lat' dir='ltr'>Diuinae</span> <span class='ocrx_word' id='word_1_776' title='bbox 1662 2529 1731 2563; x_wconf 81' lang='lat' dir='ltr'>eius</span> <span class='ocrx_word' id='word_1_777' title='bbox 1741 2540 1858 2566; x_wconf 82' lang='lat' dir='ltr'>naturae</span> <span class='ocrx_word' id='word_1_778' title='bbox 1876 2532 2011 2579; x_wconf 82' lang='lat' dir='ltr'>derogat</span> <span class='ocrx_word' id='word_1_779' title='bbox 2030 2531 2145 2578; x_wconf 69' lang='lat' dir='ltr'>quam·</span> 
     </span>
     <span class='ocr_line' id='line_1_120' title="bbox 1289 2575 2129 2626; baseline 0.002 -14"><span class='ocrx_word' id='word_1_780' title='bbox 1289 2577 1378 2626; x_wconf 80' lang='lat' dir='ltr'>quod</span> <span class='ocrx_word' id='word_1_781' title='bbox 1393 2575 1784 2618; x_wconf 65' lang='lat' dir='ltr'>mortalisfiiitCaeterum</span> <span class='ocrx_word' id='word_1_782' title='bbox 1793 2590 1860 2612; x_wconf 89' lang='lat' dir='ltr'>non</span> <span class='ocrx_word' id='word_1_783' title='bbox 1872 2577 1989 2614; x_wconf 87' lang='lat' dir='ltr'>dubito</span> <span class='ocrx_word' id='word_1_784' title='bbox 2000 2580 2079 2626; x_wconf 87' lang='lat' dir='ltr'>quin</span> <span class='ocrx_word' id='word_1_785' title='bbox 2090 2578 2129 2614; x_wconf 82' lang='lat' dir='ltr'>ad</span> 
     </span>
    </p>

    <p class='ocr_par' dir='ltr' id='par_1_28' title="bbox 1289 2619 2129 2674">
     <span class='ocr_line' id='line_1_121' title="bbox 1289 2619 2129 2674; baseline 0.002 -14"><span class='ocrx_word' id='word_1_786' title='bbox 1289 2639 1407 2661; x_wconf 90' lang='lat' dir='ltr'>munus</span> <span class='ocrx_word' id='word_1_787' title='bbox 1419 2625 1477 2660; x_wconf 89' lang='lat' dir='ltr'>sibi</span> <span class='ocrx_word' id='word_1_788' title='bbox 1491 2626 1508 2661; x_wconf 78' lang='grc' dir='ltr'>Ξι</span> <span class='ocrx_word' id='word_1_789' title='bbox 1519 2628 1609 2660; x_wconf 84' lang='lat' dir='ltr'>Patre</span> <span class='ocrx_word' id='word_1_790' title='bbox 1618 2625 1801 2661; x_wconf 68' lang='lat' dir='ltr'>iniunctum</span> <span class='ocrx_word' id='word_1_791' title='bbox 1812 2619 2129 2674; x_wconf 55' lang='lat' dir='ltr'>respiciamquemad-</span> 
     </span>
    </p>

    <p class='ocr_par' dir='ltr' id='par_1_29' title="bbox 1289 2672 2130 2722">
     <span class='ocr_line' id='line_1_122' title="bbox 1289 2672 2130 2722; baseline 0.002 -14"><span class='ocrx_word' id='word_1_792' title='bbox 1289 2675 1426 2710; x_wconf 86' lang='lat' dir='ltr'>modum</span> <span class='ocrx_word' id='word_1_793' title='bbox 1436 2674 1605 2722; x_wconf 69' lang='lat' dir='ltr'>supra,qut&#39;1</span> <span class='ocrx_word' id='word_1_794' title='bbox 1616 2674 1757 2713; x_wconf 86' lang='lat' dir='ltr'>diceret,</span> <span class='ocrx_word' id='word_1_795' title='bbox 1768 2674 1826 2710; x_wconf 83' lang='grc' dir='ltr'><strong>Νὸ</strong></span> <span class='ocrx_word' id='word_1_796' title='bbox 1837 2672 1897 2710; x_wconf 77' lang='lat' dir='ltr'>esse</span> <span class='ocrx_word' id='word_1_797' title='bbox 1906 2676 1995 2710; x_wconf 89' lang='lat' dir='ltr'>suum</span> <span class='ocrx_word' id='word_1_798' title='bbox 2006 2675 2067 2710; x_wconf 85' lang='lat' dir='ltr'>hos</span> <span class='ocrx_word' id='word_1_799' title='bbox 2079 2675 2130 2710; x_wconf 85' lang='lat' dir='ltr'>vel</span> 
     </span>
    </p>

    <p class='ocr_par' dir='ltr' id='par_1_30' title="bbox 1289 2721 2130 2760">
     <span class='ocr_line' id='line_1_123' title="bbox 1289 2721 2130 2760; baseline 0.001 -3"><span class='ocrx_word' id='word_1_800' title='bbox 1289 2724 1364 2758; x_wconf 80' lang='lat' dir='ltr'>illos</span> <span class='ocrx_word' id='word_1_801' title='bbox 1376 2724 1414 2760; x_wconf 83' lang='lat' dir='ltr'>ad</span> <span class='ocrx_word' id='word_1_802' title='bbox 1425 2723 1585 2758; x_wconf 84' lang='lat' dir='ltr'>dexteram</span> <span class='ocrx_word' id='word_1_803' title='bbox 1598 2726 1629 2758; x_wconf 84' lang='lat'>&amp;</span> <span class='ocrx_word' id='word_1_804' title='bbox 1640 2721 1762 2758; x_wconf 60' lang='lat' dir='ltr'>sinistri</span> <span class='ocrx_word' id='word_1_805' title='bbox 1770 2721 1855 2759; x_wconf 85' lang='lat' dir='ltr'>suam</span> <span class='ocrx_word' id='word_1_806' title='bbox 1869 2725 1988 2759; x_wconf 86' lang='lat' dir='ltr'>locare.</span> <span class='ocrx_word' id='word_1_807' title='bbox 1998 2725 2080 2758; x_wconf 90' lang='lat' dir='ltr'>Non</span> <span class='ocrx_word' id='word_1_808' title='bbox 2094 2736 2130 2758; x_wconf 84' lang='lat' dir='ltr'>e-</span> 
     </span>
    </p>

    <p class='ocr_par' dir='ltr' id='par_1_31' title="bbox 1289 2770 2182 3160">
     <span class='ocr_line' id='line_1_124' title="bbox 1289 2770 2182 2819; baseline 0.001 -13"><span class='ocrx_word' id='word_1_809' title='bbox 1289 2772 1380 2815; x_wconf 89' lang='lat' dir='ltr'>nim(</span> <span class='ocrx_word' id='word_1_810' title='bbox 1383 2783 1417 2807; x_wconf 91' lang='lat' dir='ltr'>vt</span> <span class='ocrx_word' id='word_1_811' title='bbox 1427 2772 1493 2806; x_wconf 88' lang='lat' dir='ltr'>illic</span> <span class='ocrx_word' id='word_1_812' title='bbox 1503 2770 1645 2819; x_wconf 86' lang='lat' dir='ltr'>exposui)</span> <span class='ocrx_word' id='word_1_813' title='bbox 1657 2771 1842 2817; x_wconf 79' lang='lat' dir='ltr'>simpliciter</span> <span class='ocrx_word' id='word_1_814' title='bbox 1853 2773 1917 2808; x_wconf 87' lang='lat' dir='ltr'>hoc</span> <span class='ocrx_word' id='word_1_815' title='bbox 1929 2772 1988 2806; x_wconf 82' lang='lat' dir='ltr'>sibi</span> <span class='ocrx_word' id='word_1_816' title='bbox 1999 2772 2131 2808; x_wconf 87' lang='lat' dir='ltr'>detrahe</span> <span class='ocrx_word' id='word_1_817' title='bbox 2172 2773 2182 2779; x_wconf 65' lang='lat'><em>⁴</em></span> 
     </span>
     <span class='ocr_line' id='line_1_125' title="bbox 1290 2817 2182 2859; baseline -0.001 -5"><span class='ocrx_word' id='word_1_818' title='bbox 1290 2819 1409 2859; x_wconf 54' lang='lat' dir='ltr'>banse-&lt;1</span> <span class='ocrx_word' id='word_1_819' title='bbox 1422 2821 1527 2856; x_wconf 87' lang='lat' dir='ltr'>sensus</span> <span class='ocrx_word' id='word_1_820' title='bbox 1542 2830 1621 2859; x_wconf 86' lang='lat' dir='ltr'>erat,</span> <span class='ocrx_word' id='word_1_821' title='bbox 1631 2832 1699 2854; x_wconf 91' lang='lat' dir='ltr'>non</span> <span class='ocrx_word' id='word_1_822' title='bbox 1710 2817 1799 2855; x_wconf 78' lang='lat' dir='ltr'>fuisse</span> <span class='ocrx_word' id='word_1_823' title='bbox 1813 2821 1830 2856; x_wconf 74' lang='grc' dir='ltr'>ὲ</span> <span class='ocrx_word' id='word_1_824' title='bbox 1841 2823 1934 2856; x_wconf 85' lang='lat' dir='ltr'>Patre</span> <span class='ocrx_word' id='word_1_825' title='bbox 1952 2821 2078 2857; x_wconf 81' lang='lat' dir='ltr'>missum</span> <span class='ocrx_word' id='word_1_826' title='bbox 2089 2822 2131 2854; x_wconf 78' lang='grc' dir='ltr'>εὖ</span> <span class='ocrx_word' id='word_1_827' title='bbox 2179 2850 2182 2854; x_wconf 90' lang='grc'>.</span> 
     </span>
     <span class='ocr_line' id='line_1_126' title="bbox 1290 2868 2130 2918; baseline 0 -16"><span class='ocrx_word' id='word_1_828' title='bbox 1290 2869 1354 2903; x_wconf 91' lang='lat' dir='ltr'>hoc</span> <span class='ocrx_word' id='word_1_829' title='bbox 1365 2871 1518 2905; x_wconf 87' lang='lat' dir='ltr'>mandato</span> <span class='ocrx_word' id='word_1_830' title='bbox 1540 2892 1551 2909; x_wconf 84' lang='lat'>‚</span> <span class='ocrx_word' id='word_1_831' title='bbox 1578 2870 1721 2918; x_wconf 88' lang='lat' dir='ltr'>quandiu</span> <span class='ocrx_word' id='word_1_832' title='bbox 1732 2869 1817 2905; x_wconf 88' lang='lat' dir='ltr'>inter</span> <span class='ocrx_word' id='word_1_833' title='bbox 1827 2871 1981 2906; x_wconf 88' lang='lat' dir='ltr'>mortales</span> <span class='ocrx_word' id='word_1_834' title='bbox 1993 2868 2130 2905; x_wconf 83' lang='lat' dir='ltr'>versatus</span> 
     </span>
     <span class='ocr_line' id='line_1_127' title="bbox 1292 2910 2131 2967; baseline 0.004 -16"><span class='ocrx_word' id='word_1_835' title='bbox 1292 2916 1400 2952; x_wconf 69' lang='lat' dir='ltr'>esi-Sic</span> <span class='ocrx_word' id='word_1_836' title='bbox 1411 2919 1506 2953; x_wconf 85' lang='lat' dir='ltr'>etiam</span> <span class='ocrx_word' id='word_1_837' title='bbox 1519 2931 1603 2953; x_wconf 88' lang='lat' dir='ltr'>nunc</span> <span class='ocrx_word' id='word_1_838' title='bbox 1615 2919 1765 2965; x_wconf 80' lang='lat' dir='ltr'>intelligo</span> <span class='ocrx_word' id='word_1_839' title='bbox 1777 2941 1787 2956; x_wconf 90' lang='lat'>‚</span> <span class='ocrx_word' id='word_1_840' title='bbox 1799 2929 1955 2967; x_wconf 82' lang='lat' dir='ltr'>quatenus</span> <span class='ocrx_word' id='word_1_841' title='bbox 1965 2910 2131 2954; x_wconf 72' lang='lat' dir='ltr'>Mediator</span> 
     </span>
     <span class='ocr_line' id='line_1_128' title="bbox 1292 2963 2130 3014; baseline -0.001 -14"><span class='ocrx_word' id='word_1_842' title='bbox 1292 2967 1328 3001; x_wconf 90' lang='lat' dir='ltr'>ad</span> <span class='ocrx_word' id='word_1_843' title='bbox 1341 2979 1400 3001; x_wconf 87' lang='lat' dir='ltr'>nos</span> <span class='ocrx_word' id='word_1_844' title='bbox 1410 2967 1635 3006; x_wconf 85' lang='lat' dir='ltr'>descenderat,</span> <span class='ocrx_word' id='word_1_845' title='bbox 1648 2968 1753 3002; x_wconf 90' lang='lat' dir='ltr'>donec</span> <span class='ocrx_word' id='word_1_846' title='bbox 1762 2965 1813 3001; x_wconf 91' lang='lat' dir='ltr'>sua</span> <span class='ocrx_word' id='word_1_847' title='bbox 1825 2966 1994 3014; x_wconf 87' lang='lat' dir='ltr'>prouincia</span> <span class='ocrx_word' id='word_1_848' title='bbox 2011 2963 2130 3000; x_wconf 67' lang='lat' dir='ltr'>defun-</span> 
     </span>
     <span class='ocr_line' id='line_1_129' title="bbox 1291 3012 2129 3061; baseline 0 -13"><span class='ocrx_word' id='word_1_849' title='bbox 1291 3016 1361 3049; x_wconf 64' lang='lat' dir='ltr'>erus</span> <span class='ocrx_word' id='word_1_850' title='bbox 1373 3016 1529 3054; x_wconf 72' lang='lat' dir='ltr'>effetmon</span> <span class='ocrx_word' id='word_1_851' title='bbox 1539 3014 1629 3050; x_wconf 81' lang='lat' dir='ltr'>fuisse</span> <span class='ocrx_word' id='word_1_852' title='bbox 1639 3016 1685 3049; x_wconf 92' lang='lat' dir='ltr'>illi</span> <span class='ocrx_word' id='word_1_853' title='bbox 1697 3016 1805 3051; x_wconf 87' lang='lat' dir='ltr'>datum</span> <span class='ocrx_word' id='word_1_854' title='bbox 1825 3016 1914 3061; x_wconf 88' lang='lat' dir='ltr'>quod</span> <span class='ocrx_word' id='word_1_855' title='bbox 1931 3012 2040 3060; x_wconf 85' lang='lat' dir='ltr'>postea</span> <span class='ocrx_word' id='word_1_856' title='bbox 2051 3014 2067 3048; x_wconf 70' lang='lat' dir='ltr'>a</span> <span class='ocrx_word' id='word_1_857' title='bbox 2077 3026 2129 3048; x_wconf 53' lang='lat' dir='ltr'>ren</span> 
     </span>
     <span class='ocr_line' id='line_1_130' title="bbox 1292 3060 2128 3111; baseline 0.002 -15"><span class='ocrx_word' id='word_1_858' title='bbox 1292 3063 1488 3099; x_wconf 65' lang='lat' dir='ltr'>surrectione</span> <span class='ocrx_word' id='word_1_859' title='bbox 1500 3064 1711 3111; x_wconf 85' lang='lat' dir='ltr'>accepit:nam</span> <span class='ocrx_word' id='word_1_860' title='bbox 1722 3075 1798 3098; x_wconf 88' lang='lat' dir='ltr'>tunc</span> <span class='ocrx_word' id='word_1_861' title='bbox 1811 3064 1940 3098; x_wconf 85' lang='lat' dir='ltr'>demum</span> <span class='ocrx_word' id='word_1_862' title='bbox 1952 3060 2011 3096; x_wconf 85' lang='lat' dir='ltr'>fibi</span> <span class='ocrx_word' id='word_1_863' title='bbox 2021 3062 2128 3107; x_wconf 69' lang='lat' dir='ltr'>datam</span> 
     </span>
     <span class='ocr_line' id='line_1_131' title="bbox 1292 3109 1985 3160; baseline -0.001 -14"><span class='ocrx_word' id='word_1_864' title='bbox 1292 3109 1352 3146; x_wconf 82' lang='lat' dir='ltr'>esse</span> <span class='ocrx_word' id='word_1_865' title='bbox 1363 3124 1470 3148; x_wconf 87' lang='lat' dir='ltr'>rerum</span> <span class='ocrx_word' id='word_1_866' title='bbox 1480 3114 1631 3148; x_wconf 87' lang='lat' dir='ltr'>omniurn</span> <span class='ocrx_word' id='word_1_867' title='bbox 1642 3112 1834 3160; x_wconf 76' lang='lat' dir='ltr'>potestatem</span> <span class='ocrx_word' id='word_1_868' title='bbox 1848 3109 1985 3146; x_wconf 80' lang='lat' dir='ltr'>asseruit.</span> 
     </span>
    </p>
   </div>
   <div class='ocr_carea' id='block_1_17' title="bbox 1457 3211 1745 3246">
    <p class='ocr_par' dir='ltr' id='par_1_32' title="bbox 1457 3211 1745 3246">
     <span class='ocr_line' id='line_1_132' title="bbox 1457 3211 1745 3246; baseline -0.003 -2"><span class='ocrx_word' id='word_1_869' title='bbox 1457 3212 1581 3246; x_wconf 88' lang='lat' dir='ltr'><strong>LVC.</strong></span> <span class='ocrx_word' id='word_1_870' title='bbox 1616 3211 1745 3245; x_wconf 81' lang='lat' dir='ltr'><strong>XVH.</strong></span> 
     </span>
    </p>
   </div>
   <div class='ocr_carea' id='block_1_18' title="bbox 758 3251 2125 3546">
    <p class='ocr_par' dir='ltr' id='par_1_33' title="bbox 758 3251 2125 3546">
     <span class='ocr_line' id='line_1_133' title="bbox 818 3251 2123 3316; baseline -0.006 -12"><span class='ocrx_word' id='word_1_871' title='bbox 818 3278 849 3316; x_wconf 83' lang='lat'>33</span> <span class='ocrx_word' id='word_1_872' title='bbox 904 3273 1046 3314; x_wconf 80' lang='lat' dir='ltr'>cauete,</span> <span class='ocrx_word' id='word_1_873' title='bbox 1107 3268 1156 3303; x_wconf 87' lang='lat'>26</span> <span class='ocrx_word' id='word_1_874' title='bbox 1199 3258 1330 3313; x_wconf 76' lang='lat' dir='ltr'>Etficut</span> <span class='ocrx_word' id='word_1_875' title='bbox 1345 3259 1468 3298; x_wconf 79' lang='lat' dir='ltr'>accidit</span> <span class='ocrx_word' id='word_1_876' title='bbox 1474 3263 1513 3300; x_wconf 80' lang='lat' dir='ltr'>in</span> <span class='ocrx_word' id='word_1_877' title='bbox 1531 3258 1650 3300; x_wconf 78' lang='lat' dir='ltr'>diebus</span> <span class='ocrx_word' id='word_1_878' title='bbox 1659 3266 1696 3300; x_wconf 94' lang='lat' dir='ltr'><em>N</em></span> <span class='ocrx_word' id='word_1_879' title='bbox 1699 3272 1737 3299; x_wconf 82' lang='lat' dir='ltr'>oe</span> <span class='ocrx_word' id='word_1_880' title='bbox 1748 3288 1760 3305; x_wconf 96' lang='lat'>,</span> <span class='ocrx_word' id='word_1_881' title='bbox 1770 3259 1821 3297; x_wconf 74' lang='lat' dir='ltr'>ita</span> <span class='ocrx_word' id='word_1_882' title='bbox 1830 3254 1899 3294; x_wconf 81' lang='lat' dir='ltr'>erit</span> <span class='ocrx_word' id='word_1_883' title='bbox 1910 3251 1950 3299; x_wconf 63' lang='grc' dir='ltr'>ἀ·</span> <span class='ocrx_word' id='word_1_884' title='bbox 1959 3257 1997 3294; x_wconf 77' lang='lat' dir='ltr'>in</span> <span class='ocrx_word' id='word_1_885' title='bbox 2007 3254 2123 3297; x_wconf 75' lang='lat' dir='ltr'>diebus</span> 
     </span>
     <span class='ocr_line' id='line_1_134' title="bbox 763 3316 1527 3376; baseline -0.005 -18"><span class='ocrx_word' id='word_1_886' title='bbox 763 3320 955 3376; x_wconf 68' lang='lat' dir='ltr'>vigilate&amp;</span> <span class='ocrx_word' id='word_1_887' title='bbox 971 3335 1044 3362; x_wconf 81' lang='lat' dir='ltr'>ora·</span> <span class='ocrx_word' id='word_1_888' title='bbox 1061 3321 1136 3373; x_wconf 67' lang='lat' dir='ltr'>Fitq·</span> <span class='ocrx_word' id='word_1_889' title='bbox 1145 3316 1302 3357; x_wconf 73' lang='lat' dir='ltr'>hominis.</span> <span class='ocrx_word' id='word_1_890' title='bbox 1524 3327 1527 3336; x_wconf 71' lang='lat'><strong>²</strong></span> 
     </span>
     <span class='ocr_line' id='line_1_135' title="bbox 762 3366 2125 3429; baseline -0.004 -15"><span class='ocrx_word' id='word_1_891' title='bbox 762 3379 942 3429; x_wconf 73' lang='lat' dir='ltr'>temefiitis</span> <span class='ocrx_word' id='word_1_892' title='bbox 953 3380 1044 3416; x_wconf 83' lang='lat' dir='ltr'>enim</span> <span class='ocrx_word' id='word_1_893' title='bbox 1105 3390 1156 3423; x_wconf 87' lang='lat'>27</span> <span class='ocrx_word' id='word_1_894' title='bbox 1180 3368 1514 3418; x_wconf 63' lang='lat' dir='ltr'>edebantbibebam,</span> <span class='ocrx_word' id='word_1_895' title='bbox 1527 3385 1658 3411; x_wconf 79' lang='lat' dir='ltr'>vxores</span> <span class='ocrx_word' id='word_1_896' title='bbox 1671 3367 1837 3409; x_wconf 77' lang='lat' dir='ltr'>ducebant</span> <span class='ocrx_word' id='word_1_897' title='bbox 1864 3396 1875 3412; x_wconf 84' lang='lat'>,</span> <span class='ocrx_word' id='word_1_898' title='bbox 1904 3366 1944 3414; x_wconf 59' lang='grc' dir='ltr'><em>ὠ</em></span> <span class='ocrx_word' id='word_1_899' title='bbox 1953 3367 2125 3408; x_wconf 77' lang='lat' dir='ltr'>dabantur</span> 
     </span>
     <span class='ocr_line' id='line_1_136' title="bbox 762 3427 2123 3489; baseline -0.004 -18"><span class='ocrx_word' id='word_1_900' title='bbox 762 3433 901 3488; x_wconf 71' lang='lat' dir='ltr'>quando</span> <span class='ocrx_word' id='word_1_901' title='bbox 919 3443 1047 3489; x_wconf 83' lang='lat' dir='ltr'>tempus</span> <span class='ocrx_word' id='word_1_902' title='bbox 1053 3444 1192 3487; x_wconf 74' lang='lat' dir='ltr'>nuptum</span> <span class='ocrx_word' id='word_1_903' title='bbox 1211 3459 1220 3476; x_wconf 94' lang='lat'>,</span> <span class='ocrx_word' id='word_1_904' title='bbox 1249 3429 1298 3468; x_wconf 87' lang='lat' dir='ltr'>ad</span> <span class='ocrx_word' id='word_1_905' title='bbox 1306 3443 1380 3466; x_wconf 84' lang='lat' dir='ltr'>eum</span> <span class='ocrx_word' id='word_1_906' title='bbox 1389 3427 1496 3482; x_wconf 77' lang='lat' dir='ltr'>vfiJue</span> <span class='ocrx_word' id='word_1_907' title='bbox 1519 3428 1612 3467; x_wconf 87' lang='lat' dir='ltr'>diem</span> <span class='ocrx_word' id='word_1_908' title='bbox 1622 3442 1688 3482; x_wconf 85' lang='lat' dir='ltr'>quo</span> <span class='ocrx_word' id='word_1_909' title='bbox 1697 3427 1842 3466; x_wconf 80' lang='lat' dir='ltr'>intrauit</span> <span class='ocrx_word' id='word_1_910' title='bbox 1852 3431 1938 3475; x_wconf 71' lang='grc' dir='ltr'>ᾎζρε</span> <span class='ocrx_word' id='word_1_911' title='bbox 1949 3427 1987 3465; x_wconf 84' lang='lat' dir='ltr'>in</span> <span class='ocrx_word' id='word_1_912' title='bbox 2000 3440 2123 3466; x_wconf 85' lang='lat' dir='ltr'>arcam:</span> 
     </span>
     <span class='ocr_line' id='line_1_137' title="bbox 758 3483 1739 3546; baseline -0.006 -17"><span class='ocrx_word' id='word_1_913' title='bbox 758 3491 814 3546; x_wconf 76' lang='lat' dir='ltr'>fir.</span> <span class='ocrx_word' id='word_1_914' title='bbox 1054 3489 1093 3536; x_wconf 59' lang='grc' dir='ltr'><em>ὠ</em></span> <span class='ocrx_word' id='word_1_915' title='bbox 1100 3489 1204 3528; x_wconf 80' lang='lat' dir='ltr'>venit</span> <span class='ocrx_word' id='word_1_916' title='bbox 1210 3485 1427 3533; x_wconf 62' lang='lat' dir='ltr'>diluuium&amp;</span> <span class='ocrx_word' id='word_1_917' title='bbox 1440 3483 1739 3540; x_wconf 78' lang='lat' dir='ltr'>perdidit-omnes.</span> 
     </span>
    </p>
   </div>
   <div class='ocr_carea' id='block_1_19' title="bbox 1947 3538 2122 3593">
    <p class='ocr_par' dir='ltr' id='par_1_34' title="bbox 1947 3538 2122 3593">
     <span class='ocr_line' id='line_1_138' title="bbox 1947 3538 2122 3593; baseline 0 -16"><span class='ocrx_word' id='word_1_918' title='bbox 1947 3539 1986 3591; x_wconf 74' lang='lat'>38</span> <span class='ocrx_word' id='word_1_919' title='bbox 2030 3538 2122 3593; x_wconf 68' lang='lat' dir='ltr'>Sicut</span> 
     </span>
    </p>
   </div>
  </div>
 </body>
</html>
