2310 3841
440 163 489 203 54
866 128 950 172 IN
1014 126 1248 171 ACTA
1307 125 1603 171 APOST.

486 221 534 246 20
571 208 734 258 Tempore
743 200 799 241 illo
809 210 911 242 natus
918 200 964 255 est
973 196 1184 253 culfis‚qui
1195 205 1268 236 Deo
1271 209 1390 253 gratus
1389 197 1471 251 fuit.
1499 202 1546 235 Et
1555 193 1716 233 educatus
1725 199 1774 236 eff
1778 207 1840 252 per
1849 204 1918 234 tres
1929 194 2056 250 menfis
2068 199 2106 236 in
2116 196 2178 236 de>-

442 278 498 301 mo
533 272 624 299 atras.

487 275 529 356 ιζ
569 313 761 369 Expofitum
770 310 853 352 verb
864 306 1186 366 ipfitmsbfz‘ulitfilia
1199 308 1381 348 Pharaoni}
1394 325 1403 348 ε
1416 309 1454 353 (3⁸
1464 306 1624 346 educauit
1626 304 1692 358 fibi
1702 311 1740 346 in
1737 311 1866 363 filium.

486 387 534 411 22
578 378 624 410 Et
632 366 877 424 institutuafuit
885 374 927 406 M
929 366 996 418 oses
1005 370 1043 404 in
1053 367 1320 418 omnisapientia
1330 367 1581 419 AEgypttorum‚
1593 358 1732 418 eritque
1737 367 1892 420 praestans
1899 362 2002 416 fhc'h’s
2023 379 2060 404 ac
2066 364 2178 405 diem.

485 441 526 478 23
570 434 620 467 Vt
630 438 741 465 autem
751 425 923 478 impletum
924 419 998 475 fuit
1007 435 1135 475 tempas
1147 421 1379 476 quadragenta
1392 434 1570 464 annorum,
1581 417 1690 470 jubat
1699 436 1737 459 tn
1749 437 1901 461 amenum
1911 435 1994 466 cem,
2002 432 2045 460 vt
2053 422 2180 475 inuisi-

443 495 496 524 ret
496 485 631 537 fratres
632 482 723 535 ficos,
729 482 820 529 filios
829 477 940 532 Ifi‘ael.

500 557 521 580 2
527 557 553 588 4
595 545 716 591 Qum
726 547 841 575 autem
850 531 986 588 vidisset
995 533 1166 587 quendam
1174 533 1303 572 iniuria
1311 531 1467 587 ,effi-Ham
1477 561 1488 579 ‚
1497 531 1594 586 defen
1599 531 1653 570 dit
1663 559 1672 576 ,
1683 530 1723 577 ό·
1732 532 1930 571 vindicauit
1937 547 2013 572 eum
2021 536 2080 587 qui
2088 531 2180 588 affli-

442 613 469 653 g
491 594 608 640 batur,
617 587 755 657 percuffiz
766 593 936 647 AEgyptio.

491 666 532 702 25
573 650 797 702 Exzstt'mabat
805 658 918 685 autem
926 647 1115 701 intelligere
1118 642 1248 699 fratres
1249 644 1330 699 ficos
1338 672 1349 691 ‚
1361 641 1453 698 qubd
1461 652 1552 683 Deus·
1565 658 1629 699 per
1635 659 1775 684 manum
1785 648 1857 685 eius
1868 645 1966 684 daret
1977 641 2180 697 etsfitlutem:

448 721 485 748 at
496 709 547 746 illi
555 721 625 744 non
633 704 885 742 intellexerunt.

491 770 537 801 26
583 763 745 813 Sequenti
754 759 810 797 die
819 759 1003 812 conspec‘t'us
1013 757 1061 808 est
1068 756 1132 795 illa
1142 754 1367 811 litigantibus,
1378 755 1418 802 ὦ·
1426 756 1568 795 reduxit
1582 769 1636 795 eos
1653 760 1692 795 in
1701 757 1908 796 concordiam
1916 787 1928 806 ‚
1940 756 2058 796 dicens
2067 774 2078 795 :
2087 760 2178 804 Viri,

448 831 514 856 vos
523 814 798 870 esta'sfratresxur
807 830 871 853 vos
881 816 1026 853 inuicem
1036 811 1174 852 laditu?
1393 859 1395 861 q

491 885 542 921 27
588 879 620 910 Is
629 883 741 911 autem
750 875 810 926 qui
820 873 979 910 iniuriam
980 868 1129 922 faciebat
1134 871 1303 925 proximo,
1318 869 1440 924 repulit
1448 883 1525 908 eum
1533 867 1647 909 dicens
1658 889 1669 908 .·
1678 871 1768 923 Q&
1779 882 1811 908 te
1823 869 1991 922 constituit
1995 871 2182 924 principem

450 943 489 968 ac
500 928 645 968 iudicem
644 929 747 984 super
756 930 836 966 nos?

494 987 542 1024 28
585 984 768 1039 Kunquid
774 998 826 1023 me
837 982 1024 1033 interficere
1033 992 1070 1019 tu
1077 981 1429 1034 vbs‚quemadmodum
1438 979 1511 1019 heri
1529 979 1722 1032 interfecisti
1730 982 1983 1040 cAEgyptium?

493 1056 539 1090 29
583 1044 684 1096 Fugit
694 1051 806 1080 autem
815 1041 949 1092 amoses
959 1037 1144 1076 addiHum
1153 1036 1224 1076 hoc:
1237 1037 1391 1089 &fastus
1400 1038 1587 1090 estaduena
1604 1041 1641 1076 in
1663 1048 1755 1076 terra
1765 1040 1924 1084 Madian,
1934 1035 1997 1075 vbi
2001 1039 2184 1093 generauit

444 1098 538 1155 filios
550 1097 643 1136 duos.

489 1210 522 1231 20
546 1200 615 1229 Non
625 1195 737 1228 temere
746 1193 982 1228 circunstantiam
1002 1195 1144 1237 temporis
1153 1205 1238 1228 notat
1257 1193 1432 1237 Stephanus.
1449 1199 1544 1228 Natus
1554 1197 1593 1228 est
1602 1193 1696 1226 Moses
1706 1204 1796 1237 quum
1807 1194 1869 1224 Rex
1878 1192 1993 1225 iuffiss'et
2002 1192 2037 1224 ad
2053 1201 2180 1224 mortem

453 1243 562 1284 exponi
570 1252 677 1273 omnes
688 1240 837 1271 masculos:
849 1250 922 1281 ergo
929 1240 1144 1282 redemptionis
1154 1240 1282 1271 minister
1292 1243 1371 1279 prius
1379 1239 1493 1271 videtur
1502 1252 1636 1272 mortuus
1644 1238 1711 1274 effe,
1720 1239 1806 1281 quarn
1816 1238 1955 1269 nascatur:
1964 1238 2011 1268 sed
2021 1246 2137 1277 tempus
2147 1237 2183 1265 il-

452 1287 704 1329 ludagendi‚Deo
714 1283 838 1316 maxime
847 1284 886 1315 est
895 1294 1108 1326 opportunum,
1120 1294 1208 1325 quum
1227 1285 1394 1314 humanitus
1404 1285 1476 1316 nihil
1494 1286 1560 1327 opis
1569 1285 1614 1317 vel
1624 1284 1739 1326 confili)
1758 1286 1857 1323 lnppet
1870 1292 1892 1312 t.
1909 1281 2000 1313 Simul
2009 1291 2106 1311 autem
2116 1290 2183 1321 per·

300 1342 413 1364 zeonu.
450 1331 548 1371 spicue
557 1341 686 1372 apparet,
695 1329 852 1371 quomodo
860 1328 937 1360 suam
948 1329 1087 1360 virtutem
1100 1331 1181 1358 Deus
1192 1329 1220 1359 in
1229 1327 1382 1359 hominum
1394 1328 1453 1359 infi1
1462 1331 1563 1361 mitate
1579 1329 1719 1371 perficiat.
1743 1330 1879 1358 Seruatut
1890 1326 1984 1356 Moses
1993 1326 2087 1356 tribus
2098 1335 2182 1355 men-

299 1381 346 1401 ‘·¹·
449 1375 539 1411 fibus,
549 1374 596 1406 sed
605 1374 728 1411 tandem,
735 1382 880 1415 parenteS,
889 1383 918 1403 Vt
928 1375 994 1404 vitae
1004 1374 1128 1414 propriae
1137 1372 1286 1403 consulant
1297 1391 1307 1406 ‚
1317 1383 1465 1413 coguntur
1475 1375 1582 1405 eumin
1595 1373 1702 1404 flumen
1715 1375 1868 1414 proiitere.
1889 1369 2017 1401 Tantum
2028 1369 2183 1400 includunt

448 1421 479 1452 in
487 1420 627 1455 arculam,
638 1430 674 1450 ne
684 1429 752 1450 mox
763 1426 873 1460 pereat.
905 1417 1008 1455 Qum
1019 1416 1035 1447 ὲ
1043 1416 1102 1447 filia
1111 1416 1278 1448 Pharaonis
1287 1417 1442 1458 excipitur,
1453 1429 1578 1451 mortem
1587 1418 1706 1460 quidem
1716 1415 1875 1448 euaditzied
1884 1416 1923 1446 ita
1934 1426 1965 1447 vr
1974 1414 2097 1446 relestus
2107 1414 2122 1443 a
2132 1423 2185 1454 ge-

446 1475 516 1497 nere
524 1464 652 1500 1srael,in
662 1463 786 1495 ahenam
797 1472 918 1504 gentem
927 1460 1133 1492 transeatJmo
1144 1462 1227 1504 genti
1238 1460 1289 1492 suae
1298 1461 1512 1494 molestnffimus
1519 1463 1609 1494 hostis
1619 1462 1732 1498 futurus
1742 1471 1814 1496 erat,
1825 1460 1876 1491 nisi
1887 1462 1951 1491 eius
1959 1458 2090 1491 animum
2100 1459 2184 1488 Deus

448 1507 621 1542 retinuiffet.
632 1506 800 1549 Priusquam
809 1505 930 1547 aliquod
940 1504 1070 1537 fraternae
1079 1505 1296 1538 beneuolentiae
1305 1505 1418 1547 signum
1428 1508 1702 1548 edat,quadtagmta
1713 1507 1780 1537 anni
1791 1514 1956 1546 praeterunt.

482 1567 514 1584 22
549 1553 644 1591 de
658 1553 688 1583 in
701 1565 719 1582 o
732 1563 752 1582 u
766 1563 784 1582 n
797 1563 809 1581 1
840 1561 852 1578 s
872 1562 887 1580 A
904 1561 918 1579 p
931 1561 942 1579 ι
954 1561 970 1580 a
987 1561 1003 1579 n
1017 1561 1034 1579 τ
1045 1561 1056 1580 r
1072 1561 1089 1579 A
1113 1550 1316 1590 AEgyptiorum
1327 1549 1487 1582 institutum
1499 1549 1582 1581 fuisse
1592 1549 1681 1581 refert
1690 1553 1784 1580 Lucas
1795 1549 1845 1585 ,id
1854 1549 1978 1590 quidem
1987 1557 2123 1589 tanquam
2134 1554 2184 1577 ex-

454 1598 599 1629 cellentiae
608 1606 721 1637 partem
731 1595 760 1625 in
770 1593 856 1625 laude
866 1594 964 1634 ponit·‚
973 1593 1074 1633 potuit
1086 1593 1282 1623 nihilominus
1290 1592 1422 1623 accidere
1432 1613 1442 1628 ‚
1451 1595 1531 1636 quod
1542 1593 1702 1635 plerunque
1713 1594 1783 1624 solet
1791 1611 1801 1625 2
1810 1603 1842 1624 vr
1858 1591 1986 1633 profanis
2002 1593 2130 1623 scientiis
2137 1591 2184 1620 in—

455 1640 552 1676 flatus,
565 1642 673 1681 vulgus
685 1637 819 1680 ignobile
829 1647 1035 1667 contemneret
1047 1636 1133 1677 :quia
1141 1646 1238 1668 tamen
1247 1639 1315 1667 Deo
1326 1638 1468 1678 populum
1480 1638 1560 1669 suum
1572 1638 1717 1669 redimere
1725 1639 1875 1669 decretum
1885 1636 1926 1667 est
1934 1659 1943 1673 ,
1958 1647 2016 1668 tam
2026 1635 2113 1667 Mofis
2121 1634 2184 1666 ani—

457 1695 550 1718 mum,
561 1695 648 1726 quam
659 1683 768 1724 reliqua
779 1683 879 1712 omnia
891 1703 900 1717 ,
911 1680 946 1712 ad
957 1691 1033 1721 opus
1042 1680 1120 1712 suum
1133 1681 1332 1723 peragendum
1343 1682 1456 1714 interea
1465 1692 1623 1723 comparat.
1658 1680 1716 1712 Hic
1724 1681 1908 1721 obstreperet
1917 1683 2010 1712 carnis
2017 1682 2092 1712 tatio
2101 1701 2111 1715 ‚
2121 1681 2184 1710 Cur

457 1729 600 1760 conniuet
610 1730 693 1758 Deus
707 1726 742 1757 ad
759 1737 817 1757 tam
834 1726 938 1767 longas
954 1725 1055 1766 populi
1073 1731 1231 1756 aerumnas?
1265 1725 1520 1756 Cnr.Pharaonem
1537 1728 1565 1756 in
1583 1725 1648 1756 dies
1658 1725 1723 1755 finit
1731 1727 1860 1756 atrocius
1868 1723 1983 1754 saeuire?
2005 1726 2066 1755 Cur
2081 1723 2185 1754 Mosen

456 1783 520 1804 non
537 1773 645 1814 patitur
665 1769 829 1801 adolescere
845 1769 1011 1808 apudsuos?
1044 1770 1105 1798 Cur
1116 1769 1287 1808 adoptatum
1298 1767 1314 1797 a
1325 1768 1382 1797 filia
1390 1770 1478 1810 Regis
1487 1788 1494 1801 2
1506 1769 1522 1799 ὲ
1531 1779 1641 1810 genere
1650 1767 1734 1798 1srae1
1744 1767 1968 1809 quodammodo
1977 1767 2113 1798 abdicat?
2122 1770 2186 1797 Cut

457 1819 494 1849 ad
505 1827 612 1847 annum
623 1811 873 1855 quadragesimum
888 1812 964 1841 inter
974 1810 1081 1841 aulicas
1088 1811 1205 1842 delicias
1215 1810 1315 1841 sedere
1325 1811 1388 1842 vult
1399 1834 1409 1848 ‚
1419 1823 1451 1843 ac
1463 1823 1521 1842 non
1531 1813 1631 1853 potius
1639 1812 1709 1842 inde
1719 1811 1857 1843 abstrahit
1870 1818 1881 1841 ἒ
1903 1811 2012 1843 Verum
2025 1809 2186 1850 exitusipse

455 1869 570 1892 tantum
587 1858 790 1889 admirationis
797 1854 905 1888 habet,
915 1864 947 1885 vt
956 1853 1040 1885 fateri
1058 1865 1200 1896 cogamur
1209 1873 1219 1888 ,
1230 1854 1265 1885 ad
1275 1854 1468 1887 illustrandam
1478 1858 1535 1887 Dei
1544 1857 1669 1899 gloriam
1679 1859 1778 1887 omnia
1789 1856 1849 1887 haec
1864 1855 1998 1898 fingulari
2019 1855 2142 1887 consilio
2151 1858 2184 1887 δε

455 1899 651 1935 ordinefuiffe
659 1901 833 1942 gubernata.
868 1899 962 1940 Qud
972 1899 1030 1930 dixi
1041 1899 1164 1930 honoris
1180 1898 1259 1930 causa
1270 1903 1376 1930 Lucam
1387 1897 1436 1932 hic
1446 1901 1483 1932 de
1500 1903 1707 1943 AEgyptiotum
1726 1901 1860 1932 doctrina
1877 1900 1980 1942 loqui,
1990 1902 2098 1932 nonita
2107 1901 2186 1931 acci-

455 1949 486 1991 pi
499 1947 569 1980 volo
579 1970 586 1981 ,
598 1944 674 1988 quasi
688 1944 800 1976 nihilin
812 1954 844 1974 ea
855 1942 988 1975 vitiosum
1003 1941 1101 1974 suem.
1126 1944 1228 1983 Qum
1241 1943 1405 1987 Astu-elogia
1414 1945 1547 1977 mirabile
1567 1946 1628 1976 Dei
1644 1945 1797 1986 opificium
1814 1955 1874 1975 non
1894 1944 1985 1977 modo
1996 1946 2025 1976 in
2037 1945 2183 1976 stellarum

453 1992 549 2035 positu
560 2014 568 2027 ‚
581 1994 611 2022 &
622 2000 681 2021 tam
692 1990 770 2021 bene
778 1988 910 2019 distincta
920 1989 1058 2019 varietate
1068 2009 1076 2023 ,
1085 1984 1133 2020 sed
1142 1989 1230 2019 etiam
1241 1988 1271 2018 in
1280 1999 1365 2020 motu
1376 1990 1420 2024 ‚vi
1432 1992 1464 2021 δε
1481 1991 1594 2021 arcanis
1610 1989 1714 2020 officiis
1731 1989 1897 2021 confideret
1905 2011 1915 2025 ,
1924 1990 2044 2022 scientia
2053 1991 2091 2020 est
2102 1990 2184 2027 vtilis

453 2048 488 2069 ac
500 2036 607 2068 merito
617 2033 770 2068 laudanda.
788 2035 836 2063 ⁷10
850 2032 904 2063 hac
913 2031 1039 2064 multum
1051 2032 1134 2074 studij
1151 2031 1308 2074 posuerunt
1325 2036 1470 2076 AEgyptij:
1487 2033 1532 2066 sed
1544 2045 1603 2065 non
1614 2035 1748 2065 contenti
1761 2034 1884 2075 fimplici
1896 2045 2002 2066 narurae
2016 2034 2121 2065 ordine
2133 2055 2142 2068 ,
2152 2034 2184 2064 in

453 2081 557 2113 multis
575 2081 664 2111 etiam
675 2079 808 2110 stultis&
829 2077 940 2118 ineptis
959 2076 1207 2118 speculationibus
1223 2077 1321 2119 vagati
1331 2077 1411 2113 sunt,
1430 2078 1679 2120 quemadmodum
1691 2077 1830 2109 Chaldaei.
1861 2080 1914 2109 His
1931 2078 2184 2121 superstitionibus

451 2126 586 2158 imbutus
595 2123 681 2155 fuerzt
692 2122 786 2154 Moses
797 2119 890 2154 n'ecne
899 2141 910 2155 ‚
927 2123 1074 2153 incertum
1084 2121 1134 2153 est.
1174 2123 1332 2163 Vtcunque
1339 2132 1436 2154 tamen
1446 2132 1492 2153 res
1502 2123 1626 2158 habeat,
1637 2122 1771 2153 videmus
1789 2122 1876 2164 quam
1888 2123 2006 2163 lyncei&
2017 2146 2024 2158 ‚
2043 2121 2106 2154 imo
2116 2121 2183 2154 iudi

451 2173 582 2201 Minerua
594 2191 602 2204 ‚
613 2169 642 2198 in
654 2168 755 2198 mundi
768 2166 878 2197 fabrica
888 2165 1132 2198 confiderandum
1149 2176 1297 2208 proponat
1306 2167 1388 2208 quod
1396 2167 1432 2198 ad
1451 2168 1592 2208 pietatem
1601 2165 1678 2197 facit.
1701 2166 1823 2209 Insignis
1839 2168 1916 2198 cette
1926 2166 2066 2199 modestia
2076 2187 2085 2201 ,
2099 2165 2183 2208 quod

450 2215 476 2245 is
487 2215 538 2256 qui
547 2213 691 2244 subtiliter
702 2222 768 2242 cum
780 2211 878 2242 doctis
889 2213 920 2242 &
931 2212 1023 2242 acutis
1043 2210 1216 2242 hominibus
1225 2211 1262 2242 de
1271 2222 1376 2242 naturae
1394 2211 1506 2242 arcanis
1520 2210 1654 2242 differere
1669 2221 1785 2252 porerat
1794 2233 1802 2246 ‚
1816 2222 1874 2241 non
1887 2212 1978 2242 modo
1996 2211 2183 2242 sublimiores

451 2259 579 2300 argutias
588 2256 698 2287 omittit
710 2275 719 2289 ‚
731 2254 778 2285 sed
787 2255 936 2285 descendit
945 2254 980 2284 ad
991 2255 1139 2297 vulgarem
1160 2254 1255 2286 infimi
1275 2254 1412 2297 cuiusque
1421 2266 1537 2296 captum
1549 2278 1557 2291 ,
1568 2257 1598 2286 δι
1615 2255 1736 2296 plebeio
1750 2254 1822 2295 stylo
1839 2256 1966 2286 indoctis
1976 2256 2108 2297 proedicat
2119 2264 2181 2297 quae

451 2306 501 2334 viu
512 2301 686 2343 percipiunt.
707 2299 833 2329 tustinus
844 2310 933 2340 quum
943 2299 979 2329 de
996 2299 1075 2330 Mose
1091 2298 1236 2330 fabulatur
1253 2320 1262 2335 ‚
1274 2309 1398 2342 magum
1415 2299 1505 2335 facit,
1523 2301 1572 2341 qui
1589 2299 1735 2342 praestigiis
1753 2302 1781 2331 ὅ(
1801 2300 2053 2331 incantationibus
2068 2299 2183 2342 populo

452 2344 603 2378 transitum
613 2355 665 2386 per
675 2353 753 2374 mare
763 2343 885 2373 rubrum
896 2341 1007 2373 fecerit.
1030 2345 1073 2373 [ta
1091 2345 1174 2374 Satan
1185 2345 1242 2374 Dei
1260 2343 1400 2375 virtutem
1411 2355 1472 2374 non
1482 2343 1574 2374 modi>
1584 2344 1711 2375 obruere
1729 2366 1738 2380 ,
1754 2343 1802 2374 sed
1821 2343 1959 2385 probrosa
1976 2345 2064 2376 eriam
2075 2354 2143 2375 nota
2151 2354 2181 2375 a-

453 2390 586 2433 spergere
599 2397 721 2420 conat-us
733 2387 781 2417 est.
805 2389 904 2427 Atqui,
916 2385 1019 2416 scimus
1028 2387 1126 2416 Mosen
1139 2398 1199 2417 non
1209 2397 1270 2418 arte
1279 2388 1390 2428 magica
1399 2398 1466 2418 cum
1478 2388 1709 2418 incantatoribus
1719 2388 1839 2420 certasse
1849 2411 1859 2424 ,
1868 2389 1914 2420 sed
1924 2399 2102 2430 exequutum
2113 2387 2184 2418 fuis-

455 2435 484 2467 se
494 2436 628 2467 duntaxat
639 2442 700 2474 quae
709 2431 750 2462 illi
761 2431 889 2461 iniuncta
899 2430 914 2460 ὲ
922 2432 989 2459 Deo
1000 2431 1250 2461 erantflabebant
1259 2441 1347 2461 etiarn
1357 2432 1487 2472 AEgyptij
1497 2431 1642 2471 mysticam
1655 2433 1838 2474 theologiam
1848 2452 1858 2467 ‚
1867 2444 1929 2474 quae
1940 2433 2033 2464 stultis
2043 2435 2074 2464 δέ
2084 2432 2184 2463 deliris

458 2478 639 2511 commentis
650 2499 658 2512 ,
668 2479 699 2508 δε
709 2474 883 2517 prodigiofis
892 2474 1166 2504 abominationibus
1183 2473 1314 2505 colorem
1325 2474 1477 2505 induceret
1488 2496 1497 2509 ,
1507 2486 1539 2505 ac
1548 2475 1566 2504 si
1577 2475 1701 2515 probare
1713 2478 1821 2509 vellent
1833 2489 1893 2509 non
1908 2477 2016 2520 absque
2031 2479 2145 2508 ratione
2153 2476 2183 2508 se

459 2523 582 2555 insanire
592 2535 600 2552 ε
611 2520 863 2563 quemadmodum
873 2518 1008 2558 Papillae,
1019 2528 1108 2559 quum
1119 2517 1286 2548 histrionice
1296 2519 1325 2548 in
1343 2518 1390 2549 sua
1401 2516 1479 2550 Missa
1497 2521 1526 2549 &
1545 2520 1609 2550 aliis
1619 2520 1730 2551 insulfis
1744 2521 1962 2554 ritibusludant
1972 2544 1981 2557 ,
1999 2522 2130 2562 mysteria
2139 2531 2183 2552 ta-

458 2578 530 2600 men
542 2562 802 2598 comminiscuntur
812 2562 1054 2602 ‚vtpersuadeant
1062 2561 1206 2592 nihilillic
1214 2558 1270 2592 effe
1280 2560 1331 2591 nxfi
1340 2562 1486 2597 diuinum.
1519 2565 1652 2606 Gregarij
1668 2564 1788 2605 quidem
1806 2564 1969 2596 sacerdotes
1989 2567 2026 2596 ad
2047 2566 2124 2596 illam
2137 2564 2182 2595 vs-

460 2623 519 2654 que
526 2610 710 2642 altitudinem
728 2618 787 2638 non
805 2606 1004 2639 conscendunt
1015 2617 1022 2636 ε
1032 2604 1078 2638 sed
1087 2607 1136 2647 qui
1145 2605 1249 2636 volunt
1266 2606 1342 2636 inter
1351 2617 1403 2638 eos
1421 2607 1520 2638 haberi
1539 2610 1632 2650 magis
1649 2607 1825 2649 perspicaces
1835 2631 1843 2644 ,
1864 2610 1975 2640 nullum
1993 2619 2181 2651 quantumuis

462 2656 606 2698 puerilem
623 2652 826 2685 autludictum
835 2653 923 2683 ritum
933 2650 1151 2686 omittunt,cui
1161 2661 1219 2680 non
1235 2650 1372 2691 affingant
1388 2650 1534 2692 spirituale
1549 2652 1669 2692 aliquod
1686 2653 1862 2694 mysterium.
1907 2655 2027 2685 Extatin
2046 2664 2107 2684 eam
2119 2664 2182 2684 rem

460 2700 636 2743 ineptiffima
648 2696 761 2738 farrago
770 2718 779 2731 ,
798 2706 885 2737 quam
902 2695 1045 2726 rationale
1064 2695 1232 2726 diuinorum
1244 2695 1405 2725 officiorum
1416 2706 1530 2727 vocant.
1551 2698 1606 2728 Sed
1624 2708 1713 2739 quum
1731 2697 1874 2729 eiusmodi
1892 2697 1992 2729 deliria
2002 2697 2052 2729 soli
2061 2697 2181 2729 sacrifici

459 2746 537 2778 inter
546 2744 572 2775 se
581 2741 848 2776 tractarentssuooen
858 2737 941 2771 fuisse
951 2741 981 2771 in
992 2740 1050 2771 illis
1058 2738 1197 2771 versatum
1208 2749 1267 2769 non
1277 2739 1315 2769 est
1325 2740 1490 2781 probabile,
1501 2741 1582 2772 cuius
1591 2742 1696 2784 regalis
1705 2740 1758 2773 fuit
1768 2741 1924 2775 institutio:
1934 2739 1982 2774 sed
1991 2743 2129 2786 ingenuis
2137 2753 2182 2774 av-

460 2789 542 2822 tibus
552 2785 804 2819 fuisseimbutum.
1826 2802 1828 2804 -

494 2836 585 2865 Ean
609 2844 669 2864 por
677 2843 691 2862 ε
699 2841 735 2861 ns
756 2842 790 2860 m
819 2841 831 2858 s
841 2841 856 2860 r,
864 2840 929 2859 nmo
937 2827 1052 2867 minvs.)
1074 2830 1140 2860 Haec
1149 2826 1261 2859 locutio
1269 2828 1397 2861 Hebraeis
1406 2829 1553 2870 duplicem
1562 2829 1748 2871 praestantiam
1765 2828 1915 2872 fignificat,
1927 2829 1996 2861 dum
2007 2829 2031 2860 is
2039 2830 2089 2872 qui
2099 2831 2181 2872 inge·

463 2877 514 2908 nio
525 2878 618 2918 pollet
628 2886 661 2907 ac
671 2875 815 2907 doctum,
825 2873 906 2905 fimul
918 2874 1004 2904 etiam
1015 2872 1051 2903 ad
1060 2883 1106 2904 res
1117 2872 1261 2914 praeclaras
1269 2875 1410 2915 gerendas
1419 2885 1505 2916 aptus
1515 2875 1565 2905 est.
1588 2874 1731 2915 Intelligit
1742 2885 1813 2916 ergo
1825 2876 1988 2916 Stephanus
2001 2874 2100 2905 Mosen
2111 2885 2182 2906 raris

465 2920 587 2952 dotibus
597 2917 677 2951 fuiss'e
689 2918 858 2950 instructum
867 2937 875 2951 ,
885 2928 914 2949 vt
924 2927 1029 2947 omnes
1040 2917 1177 2948 eximium
1187 2919 1332 2958 quendam
1343 2919 1437 2949 virum
1450 2918 1651 2960 agnoscerent.
1681 2918 1827 2951 Caezertkm
1837 2929 1927 2962 quum
1936 2919 1986 2949 tali
1995 2919 2025 2949 in
2037 2921 2132 2961 pretio
2143 2918 2184 2951 es-

467 2963 519 2998 set,
528 2966 624 2996 minus
632 2964 689 3005 spei
701 2963 824 2994 dabatur
832 2962 968 2994 Israelitis
977 2972 1043 2993 eum
1054 2961 1265 3003 redemptionis
1275 2959 1336 2993 fore
1347 2963 1517 2994 ministrum.

500 3020 530 3048 23
563 3012 665 3049 viu
688 3018 852 3038 mttervm
877 3018 914 3038 es
924 3018 978 3037 ser
1005 3005 1155 3046 Tempvs.)
1175 3005 1246 3037 Inde
1257 3006 1341 3038 multi
1351 3007 1514 3038 coniiciunt
1524 3007 1643 3042 ,Mosen
1664 3017 1812 3050 nunquam
1821 3007 1920 3038 animo
1935 3006 2062 3038 alienum
2073 3004 2154 3038 fuisse
2165 3007 2182 3038 ὰ

468 3062 558 3094 gente
569 3052 613 3083 sua
624 3064 631 3082 :
641 3052 741 3082 vestim
751 3052 889 3093 Stephani
901 3052 990 3082 verba
998 3051 1026 3080 in
1036 3051 1175 3082 diuersam
1186 3060 1296 3091 partem
1308 3051 1399 3092 magis
1407 3051 1549 3082 inclinant
1559 3064 1566 3082 2
1576 3051 1655 3092 qubd
1665 3051 1773 3085 scilicet
1780 3052 1907 3083 animum
1917 3050 1980 3081 eius
1988 3051 2119 3087 tandem,
2132 3062 2184 3082 ve·

466 3096 512 3128 lut
523 3095 539 3127 ὲ
556 3101 659 3127 1οπιηο
675 3097 844 3126 excitauetit
854 3097 978 3136 Spiritus
987 3096 1043 3126 Dei
1054 3105 1103 3131 ,vt
1113 3093 1214 3126 fratres
1231 3094 1278 3124 diu
1290 3095 1440 3135 neglectos
1457 3093 1602 3127 inuiseret.
1614 3090 1766 3137 ¹Origenis
1785 3095 1911 3137 quidem·
1923 3095 1975 3126 suae
1992 3107 2052 3128 non
2061 3093 2144 3126 fuiss'e
2157 3097 2182 3126 i-

464 3151 587 3183 gnarum
599 3139 755 3171 verisimile
765 3139 804 3169 est
816 3162 824 3174 ,
835 3143 918 3170 cuius
928 3150 1027 3170 notam
1040 3140 1067 3169 in
1079 3150 1164 3170 carne
1174 3138 1216 3170 sua
1227 3137 1355 3180 gestabat
1365 3160 1373 3173 ,
1384 3141 1415 3170 δε
1425 3140 1507 3170 cuius
1518 3151 1617 3171 tumor
1625 3139 1798 3171 volitauerat
1808 3140 1837 3169 in
1848 3139 1929 3170 aula:
1950 3141 2017 3180 quia
2026 3141 2114 3181 Regis
2122 3140 2183 3171 filia

464 3184 525 3216 fine
533 3183 635 3226 flagitii
645 3182 805 3224 suspicione
816 3195 875 3213 non
886 3192 1000 3224 poterat
1009 3193 1076 3214 eum
1086 3183 1236 3225 adoptare,
1246 3181 1296 3213 nisi
1311 3193 1404 3224 genus
1414 3194 1599 3224 compertum
1611 3180 1679 3215 effet
1688 3183 1753 3218 ,diu
1762 3193 1859 3214 tamen
1872 3194 1931 3214 non
1947 3182 2004 3216 fuit
2023 3194 2135 3215 tantum
2149 3186 2182 3214 in

464 3238 504 3260 eo
511 3228 599 3261 animi
613 3249 620 3263 ,
632 3237 663 3258 vt
675 3227 861 3268 cognationis
872 3227 922 3258 suae
929 3238 1059 3259 amorem
1069 3228 1163 3269 palam
1174 3226 1328 3258 monstrare
1337 3227 1466 3259 auderet.
1488 3230 1554 3258 Hoc
1563 3227 1676 3259 verbad
1692 3228 1852 3268 augendam
1862 3230 1917 3258 Dei
1930 3228 2123 3270 gloriamnon
2134 3239 2184 3269 pa-

464 3283 529 3304 rum
540 3271 609 3304 facit
618 3293 628 3307 ,
639 3271 719 3313 qubd
731 3271 827 3301 Moses
835 3273 1000 3302 vocationis
1011 3271 1061 3301 suae
1072 3271 1177 3304 inscius
1186 3273 1215 3303 in
1227 3271 1287 3302 aula
1298 3272 1386 3312 Regis
1401 3282 1452 3311 per
1461 3272 1582 3313 longum
1590 3281 1707 3312 tempus
1724 3271 1850 3302 defidet:
1866 3272 1964 3313 postea
1973 3271 2069 3303 subnb
2082 3282 2183 3312 praetet·

464 3316 542 3357 spem
553 3316 687 3347 omnium
698 3318 729 3347 δε
738 3314 813 3346 suam
822 3315 909 3356 ipfius
919 3337 928 3350 ‚
936 3315 951 3345 a
960 3316 1093 3346 Domino
1103 3326 1235 3348 vocatur.
1243 3318 1310 3346 Haec
1319 3315 1405 3358 igitur
1415 3326 1492 3347 noua
1501 3315 1619 3347 fratrum
1629 3326 1706 3351 cura,
1715 3326 1776 3357 quae
1784 3316 1813 3345 in
1826 3317 1889 3347 eius
1898 3317 2027 3348 animum
2038 3316 2138 3351 subiit,
2147 3325 2182 3346 ex

465 3370 546 3391 nouo
557 3359 714 3392 &insolito
729 3359 851 3398 Spiritus
861 3358 983 3399 impulsu
995 3370 1060 3390 nata
1069 3360 1118 3390 est.

498 3416 533 3439 ²4
568 3405 619 3441 Q
627 3416 668 3435 vn
694 3415 762 3435 vxor
770 3414 781 3432 s
792 3415 804 3432 s
813 3414 852 3434 nr
876 3414 938 3438 qve
949 3416 964 3433 n
974 3415 1015 3434 oa
1026 3404 1075 3440 M.)
1084 3408 1152 3436 Non
1161 3403 1294 3434 oblatum
1304 3401 1427 3434 fortuitb
1445 3403 1516 3434 Mofi
1526 3402 1582 3436 fuit
1589 3403 1646 3436 tale
1654 3403 1858 3446 speetaculum,
1868 3402 1915 3437 sed
1925 3414 2014 3446 quum
2024 3404 2106 3435 Deus
2113 3414 2182 3435 eum

466 3448 578 3489 po'pulo
587 3447 638 3480 suo
645 3447 865 3490 redemptorem
873 3446 1033 3479 destlnaffet
1043 3466 1052 3482 2
1063 3443 1209 3490 specimen
1220 3451 1251 3481 δε
1261 3446 1337 3490 quafi
1348 3447 1515 3490 praeludium
1527 3449 1584 3481 hoc
1601 3459 1654 3491 per
1672 3448 1735 3480 eius
1745 3460 1863 3482 manum
1881 3451 1967 3482 edere
1983 3448 2086 3481 voluit.
2108 3452 2183 3479 Nam

2019 3493 2185 3534 Stephanus
