2310 3841
743 162 1159 208 COMMENT.

115 229 163 264 lio
172 228 287 265 dicitur
304 249 314 266 ‚
339 227 426 275 quod
438 238 534 260 nemo
546 237 656 272 praeter
665 226 729 272 ipsu
736 241 766 262 m
779 228 952 276 cognoscat

118 281 244 312 Patrem
255 281 286 311 &
298 277 346 309 cui
361 276 497 311 voluerit
508 277 698 310 reuelareedc
708 279 799 310 Patre
812 278 873 310 hoc
884 275 952 310 sols:

115 327 204 373 quod
223 325 338 360 Filium
356 324 437 358 solus
451 322 620 371 cognoscat
633 338 640 357 :
651 325 856 359 reuelationis
866 325 951 358 nulla

115 381 151 408 iit
161 377 294 409 mentio.
308 372 499 419 Respondeo
510 372 734 417 superuacuum
754 368 840 407 fuisse
850 374 950 418 repeti

117 422 204 469 quod
221 421 284 455 iam
305 422 434 455 dixerat.
462 421 539 466 quid
557 421 642 454 enim
654 421 799 455 continet
810 421 951 466 superior

112 470 282 518 gratiarum
296 470 379 503 aestio
391 493 398 507 ,
410 468 466 502 nisi
477 467 564 514 quod
581 480 668 513 pater
680 470 794 502 Filium
805 467 951 515 patefecit

112 519 229 565 quibus
244 517 343 551 visum
354 517 419 551 cst?
446 517 546 560 Qozl
557 526 634 562 ergo
647 529 729 550 nunc
740 517 901 551 subiicitur
910 514 950 550 ab

113 566 182 613 ipso
192 565 260 600 solo
270 566 352 600 Pilio
365 563 516 613 cognosci
528 587 537 601 ‚
547 567 632 598 velut
642 564 736 598 causae
747 565 884 600 redditio
893 565 948 599 est:

111 622 238 660 poterat
248 615 335 647 enim
352 615 415 648 baec
426 613 580 660 cogitatio
589 611 794 659 subire.Qd
805 623 886 659 opus
905 612 945 647 es-

111 661 158 696 set
167 663 282 697 Filium
294 663 310 696 εἰ
321 665 411 696 Patre
422 659 682 707 manifestari,qui
694 664 795 706 palam
807 662 836 695 se
847 661 950 696 visen-

111 711 187 745 dum
199 709 384 745 exhibuerat
410 713 423 743 ?
448 711 545 745 Nunc
556 720 700 743 tenemus
712 722 771 756 qua
783 710 950 744 occasione

111 758 235 794 dictum
247 758 412 797 sini-'ilium
422 762 439 792 Ξι
448 756 516 791 solo
525 754 616 790 'Patre
631 757 795 805 cognosci.
806 758 950 803 Superest

110 816 196 842 nunc
206 806 361 853 posterius
372 804 565 843 membrum,
590 805 690 846 Quod
702 806 806 840 nullus
823 806 948 851 Patrem

112 853 286 902 cognoscat
296 854 351 889 nisi
365 856 471 888 Filius.
483 853 583 887 Porro
594 853 657 889 haec
669 855 814 901 cognitio
828 853 950 888 diuersa

113 903 157 938 est
167 905 184 938 a
215 901 322 950 priore
347 916 355 936 ι
381 913 484 950 neque
500 901 587 935 enim
611 906 734 936 Patrem
753 900 948 948 cognoscere

108 953 208 986 Pilius
224 950 340 986 dicitur
362 951 434 997 quia
458 951 574 996 Spiritu
591 951 647 984 suo
665 962 737 985 eum
758 948 949 984 manifestet:

106 999 158 1035 sed
169 1000 240 1047 quia
251 1010 402 1045 quatenus
412 1000 480 1032 viua
493 998 537 1033 est
547 999 614 1033 eius
624 1000 819 1046 unago,eum
831 999 937 1046 quodi

110 1048 212 1083 modo
223 1047 350 1083 exhibet
361 1047 520 1081 visibilem
532 1048 564 1080 in
577 1045 626 1080 sua
649 1046 792 1093 persona.
815 1049 948 1082 Interim

107 1095 260 1143 Spiritum
273 1108 338 1130 non
348 1096 482 1140 excludo
500 1118 510 1134 ‚
537 1095 588 1131 sed
599 1097 829 1131 reuelationem
841 1097 879 1130 de
891 1108 950 1142 qua

110 1147 194 1179 n'unc
203 1143 424 1192 agitur,re‘sci'o
434 1144 472 1179 ad
484 1144 604 1179 notitiae
616 1146 800 1181 modumzac
811 1146 854 1178 ita
864 1143 948 1190 opti*

109 1193 162 1228 me
173 1193 308 1227 cohaeret
321 1192 476 1227 sermonis
492 1205 670 1227 contextus.
681 1192 852 1228 confirmat
862 1193 949 1226 enim

111 1240 259 1276 Christus
269 1242 356 1289 quod
368 1241 454 1287 priu's
463 1242 552 1279 dixit,
564 1242 688 1276 Omnia
699 1242 755 1275 sibi
767 1243 879 1274 tradita
890 1239 950 1274 esse

110 1288 227 1324 {Patre
240 1313 247 1327 ‚
259 1302 292 1325 vt
302 1289 434 1324 sciamus
451 1291 483 1323 in
498 1287 567 1335 ipso
578 1290 720 1323 habitare
732 1291 870 1324 Deitatis
881 1291 949 1336 ple-

109 1337 304 1372 nitudinem.
316 1340 388 1372 Huc
399 1338 518 1372 summa
528 1338 621 1373 redit,
646 1340 746 1371 Patris
756 1338 876 1371 donum
889 1335 950 1371 ess'c

112 1387 202 1433 quod
213 1386 418 1435 cognoscitur
428 1387 524 1421 Filius
543 1408 553 1424 ,
579 1386 651 1433 quia
662 1387 778 1432 Spiritu
788 1384 845 1420 suo
854 1387 952 1420 nubis

112 1435 231 1468 mentis
241 1437 353 1469 oculos
367 1435 467 1480 aperit
493 1457 502 1472 ,
529 1435 643 1480 quibus
653 1447 819 1477 cernamus
828 1433 951 1469 Christi

112 1484 251 1529 gloriam
265 1496 330 1529 quae
349 1483 471 1529 alioqui
489 1484 583 1516 nohis
594 1480 667 1529 efl'et
678 1472 861 1517 abscondit:
872 1496 882 1514 .·
894 1485 951 1516 Pa-

111 1541 193 1564 trem
206 1533 283 1564 vero
307 1532 360 1577 qui
378 1533 480 1564 lucem
500 1530 622 1564 hibitat
638 1529 821 1564 inaccessam
843 1553 852 1568 ‚
877 1536 905 1565 ἃ
918 1531 951 1564 in

109 1577 140 1611 se
150 1577 483 1623 incomprehensibilis
494 1578 538 1612 est
554 1601 564 1617 ,
592 1578 700 1612 &Filio
711 1578 807 1612 nobis
819 1576 955 1611 manase-

110 1625 254 1672 stari‚qui
266 1626 336 1660 viua
346 1626 390 1661 est
400 1629 466 1661 citis
478 1627 586 1673 imago
598 1649 607 1665 ‚
619 1637 651 1660 vt
662 1628 739 1660 alibi
749 1625 859 1661 frustra
870 1639 952 1673 quar>

111 1684 206 1708 ratur.

152 1724 192 1757 28
215 1724 329 1756 Venite
339 1722 382 1757 ad
398 1737 444 1758 me
453 1729 576 1763 omnes.)
585 1735 646 1758 iam
658 1721 802 1768 benigue
813 1723 849 1758 ad
864 1721 893 1757 se
905 1723 955 1757 in-

113 1769 283 1818 uitatquos
302 1771 359 1806 sibi
370 1772 508 1807 idosseos
525 1770 597 1806 fore
614 1771 788 1816 discipulos
798 1769 954 1818 agnoscit.

112 1820 255 1862 Qanuis
264 1820 351 1854 enim
362 1821 516 1862 omnibus
526 1824 651 1856 Patrem
660 1818 859 1854 manifestare
869 1831 958 1865 para-

113 1868 208 1902 tussit
226 1890 237 1907 ‚
264 1868 351 1902 bona
360 1880 466 1913 tamen
483 1871 554 1914 pars
569 1871 721 1904 accedere
732 1869 805 1903 ideo
817 1868 954 1916 negligit

110 1916 185 1962 quia
195 1916 387 1951 necessitatis
397 1916 453 1952 suae
463 1915 628 1960 senstmon
637 1916 958 1964 tangitur.Christum

115 1975 184 1997 non
196 1975 306 1998 curant
315 1963 488 2010 hypocritis
499 1977 509 1996 :
521 1964 594 2008 quia
603 1964 681 2006 ebrij
689 1965 818 2009 propria
828 1965 957 2004 iustitia,

114 2013 247 2058 gratiam
259 2012 326 2047 eius
338 2024 404 2045 non
415 2009 555 2044 esuriunt
564 2023 623 2044 nee
633 2010 824 2055 sitiunt.Qi
835 2014 959 2047 mundo

117 2058 186 2092 sunt
195 2060 314 2094 addicti
330 2082 341 2098 ‚
366 2059 626 2094 eaelestemvitam
641 2067 701 2102 pro
712 2057 816 2090 nihilo
827 2059 958 2092 ducunt.

117 2106 241 2141 Frustra
251 2101 496 2154 ergo-vtrosque
513 2107 586 2151 illos
597 2107 634 2141 ad
646 2106 674 2140 se
690 2104 837 2140 Christus
862 2118 960 2140 voca-

119 2155 257 2189 rer:ideo
269 2155 298 2189 se
308 2155 347 2190 ad
357 2155 490 2190 miseros
502 2161 533 2191 &
546 2152 684 2189 affii&os
695 2154 866 2188 conuertit.
878 2157 958 2188 Por-

117 2203 157 2237 ro
164 2203 364 2238 Laborames
381 2215 476 2239 vocat
486 2204 543 2251 qui
557 2202 613 2237 sub
639 2215 738 2236 onere
747 2213 889 2249 gemunt:
899 2214 959 2236 nec

118 2252 310 2298 generaliter
318 2251 478 2298 quossibet
495 2247 649 2298 intelligit
663 2249 788 2285 tristitia
800 2255 831 2286 &
847 2251 961 2285 aerfinis

119 2298 284 2345 oppressos
292 2300 363 2339 ‚sed
373 2300 428 2348 qui
438 2300 575 2346 peccatis
585 2297 820 2336 suisconfus1‚&
831 2299 883 2332 irae
895 2298 959 2332 Dei

64 2348 70 2355 “
119 2348 369 2394 metuperculli,
391 2349 584 2383 tantooneri
597 2347 816 2383 succumbunt.
852 2346 962 2380 Variis

119 2395 252 2442 quidem
265 2397 369 2431 modis
385 2398 508 2433 elee‘xos
523 2395 752 2438 suos.humiliat
763 2392 854 2429 Deus
878 2407 887 2428 :
910 2391 961 2437 sed

120 2444 194 2492 quia
203 2444 347 2492 plerique
359 2444 491 2479 miseriis
499 2445 621 2492 grauati
632 2443 846 2477 nihilominus
862 2454 962 2478 contu

121 2505 228 2532 maces
237 2497 269 2528 &
280 2493 439 2527 indomiti·
455 2492 757 2527 manenlaborantes
767 2494 799 2526 &
809 2501 963 2525 oneratos

122 2541 277 2589 intelligit
294 2541 442 2576 Christus
451 2542 505 2588 qui
523 2542 639 2576 mortis
646 2550 771 2575 aeternae·
784 2548 871 2574 reatu
883 2551 964 2573 con-

121 2587 267 2625 scientias
275 2587 410 2625 afflic‘tas
419 2590 582 2628 herbeim&
593 2590 635 2624 ita
644 2587 704 2622 suis
715 2588 804 2623 malis
823 2587 908 2622 intus
917 2596 966 2621 v'r-

126 2649 242 2686 gentur
253 2648 286 2673 vt
295 2638 534 2673 deficiantznam
545 2637 597 2673 hic
607 2634 748 2673 defecius
766 2648 826 2670 nos
836 2636 874 2670 ad
884 2635 966 2670 reci-

123 2686 275 2732 piendam
284 2687 352 2721 eius
366 2687 500 2733 gratiam
509 2687 649 2722 idoneos
660 2684 772 2719 reddit.
783 2683 919 2718 Perinde
927 2693 967 2718 ve

123 2734 164 2770 rb
173 2734 218 2769 est
226 2733 285 2768 acsi
294 2734 505 2773 dixiffet‚ideo
515 2735 567 2769 sui
576 2734 710 2781 gratiam
720 2731 737 2767 ὲ
748 2731 862 2766 maiori
881 2742 972 2778 parte-

126 2783 293 2818 eomemni
302 2783 376 2829 qnia
385 2784 475 2829 pauci
486 2783 630 2830 inopiam
641 2780 724 2815 suam
741 2779 878 2814 sentiant
887 2794 897 2812 :
918 2782 968 2814 in-

127 2841 214 2866 terea
223 2843 290 2864 non
301 2829 362 2865 effe
378 2843 433 2865 cur
443 2832 576 2865 illorum
591 2829 735 2877 superbia
743 2826 793 2864 vel
805 2827 914 2874 stupor
923 2825 969 2862 as-

129 2877 231 2927 ffifias
246 2879 368 2913 animas
384 2880 522 2914 retardet
538 2885 607 2926 qun
622 2878 663 2912 ad
679 2877 859 2912 remedium
877 2874 971 2922 suspi-

127 2931 322 2975 riqure
333 2926 469 2961 sinamus
476 2928 648 2963 valere'eos
655 2933 772 2959 omnes
786 2925 844 2973 qui
853 2926 972 2962 Satanae

129 2975 294 3022 prestigiis
303 2974 440 3010 fascinati
459 2998 469 3013 ‚
496 2976 547 3010 vel
559 2974 616 3009 fibi
625 2972 810 3019 persuadent
820 2972 971 3008 iustitiam

131 3021 163 3056 se
171 3021 290 3059 habere
301 3034 385 3059 extra
394 3023 560 3059 Christum
584 3036 592 3056 :
619 3023 668 3056 vel
682 3020 754 3055 sein
764 3020 828 3056 hoc
848 3021 971 3056 mundo

131 3069 244 3106 beatos
252 3073 479 3119 imaginantur.
500 3074 575 3107 Nos
591 3070 629 3105 ad
646 3067 810 3104 christum
821 3080 972 3115 appeten-

133 3119 208 3154 dum
225 3123 306 3155 mala
329 3120 435 3155 nostra
453 3121 632 3166 impellant.
670 3118 711 3152 Et
723 3118 797 3163 quia
815 3129 881 3150 non
891 3118 974 3151 alios

136 3164 280 3203 Christus
309 3169 453 3203 admittit
478 3169 512 3202 in
522 3167 709 3202 fruitionem
720 3165 838 3212 quietis
849 3165 905 3200 suae
915 3164 973 3199 nisi

139 3213 259 3257 quisuis
266 3229 364 3251 onere
375 3216 530 3254 fatiscam,
541 3215 698 3251 discamus
706 3214 827 3247 nullum
837 3211 896 3248 esse
907 3227 973 3247 ma-

139 3259 188 3305 gi&
207 3260 388 3307 pestiferum
407 3276 571 3299 venenum·
579 3263 678 3310 quam-
696 3261 876 3296 socordiam
886 3262 975 3296 illam

272 3361 492 3396 MATTH-.
530 3361 622 3394 XII.

188 3466 200 3491 1
253 3455 354 3493 ln'illa
363 3467 505 3510 tempore
515 3456 586 3496 ibet
597 3455 679 3502 lesia
690 3454 783 3552 Sub-¹
836 3469 877 3504 23
922 3460 965 3491 Ee
987 3449 1107 3489 accidit
1118 3461 1163 3489 vt
1171 3450 1287 3507 transi*

788 3521 840 3550 ret
849 3507 1025 3550 sabbatha
1029 3519 1091 3563 per
1091 3505 1231 3562 figeres,
1248 3506 1288 3553 ὠ·

145 3505 464 3567 batharperfigetese
477 3511 624 3567 discipuli
632 3510 717 3551 verb
731 3511 770 3550 il-

892 3334 1085 3392 'MARQ
1122 3355 1172 3388 nt

1529 224 1533 227 .
1792 190 1831 227 14

1006 238 1100 273 quam
1125 230 1159 262 in
1185 226 1282 262 nobis
1300 238 1432 275 generat
1459 230 1509 266 vel
1523 237 1656 267 terrena·
1673 230 1850 273 foelicitatis

1001 278 1051 309 vel
1061 276 1183 311 iustitiae
1193 280 1224 312 δι
1241 276 1365 310 virtutis
1376 276 1445 310 falsa
1457 284 1486 312 ἃ
1498 277 1588 314 fallax
1600 280 1803 325 opiniondeo
1815 286 1846 319 se

1000 325 1131 371 quisque
1141 322 1286 359 nostrum
1305 322 1425 360 assidue
1435 325 1677 374 expergefaciat,
1693 342 1724 364 ac
1735 334 1843 377 prime,

999 372 1031 406 in
1042 374 1238 407 excutiendis
1250 374 1362 407 mundi
1380 375 1506 409 deliciis
1524 376 1648 419 sedulus
1658 377 1713 411 sit:
1725 381 1842 417 deinde

998 421 1092 454 omni
1103 420 1244 467 peruersa
1258 420 1373 464 fiducia
1383 420 1413 456 se
1421 426 1728 460 euacueeCaezerfam
1741 441 1842 474 quan-

998 469 1047 503 uis
1058 469 1122 504 haec
1132 470 1170 513 ad
1180 469 1398 515 recipiendam
1416 470 1535 506 Christi
1548 474 1680 519 gratiam
1692 486 1844 521 praepara.

997 517 1045 551 tio
1055 515 1182 564 prorsus
1190 518 1348 563 eiranimat
1356 518 1509 566 homines
1518 543 1528 559 ‚
1544 521 1722 556 notandum
1735 534 1844 558 tamen

997 565 1042 600 est
1052 566 1185 611 Spiritus
1192 564 1290 601 sancti
1301 566 1424 600 donum
1436 566 1585 616 esse‚quia
1597 570 1725 603 initium
1735 573 1842 616 poeni-

997 614 1104 649 tentiae
1116 614 1213 654 est‚ad
1224 627 1319 662 quam
1348 615 1454 649 nullus
1464 620 1598 663 proprio
1611 629 1710 651 marre
1721 619 1843 664 aspirat.

997 663 1070 697 Nec
1081 661 1152 697 sane
1163 662 1267 697 voluit
1288 663 1437 697 Christus
1454 665 1534 712 quid
1543 678 1579 701 ex
1589 665 1617 699 se
1628 665 1727 711 possit
1737 666 1842 702 homo

999 711 1180 750 docere‚sed
1189 711 1313 746 rantum
1326 713 1462 758 qualiter
1471 712 1605 749 affectos
1614 715 1673 749 esse
1691 727 1842 760 oporteat

999 762 1053 804 qui
1064 761 1101 793 ad
1115 758 1215 806 ipsum
1227 761 1441 808 veniunt.Qi
1457 774 1540 797 onus
1550 768 1580 799 ὅ(
1592 762 1705 798 labore
1713 763 1844 798 restrin-

997 817 1076 851 gunt
1090 807 1128 842 ad
1137 806 1254 854 legales
1270 811 1579 848 ceremonias‚nimis
1590 816 1736 846 exrenuz'tt
1747 812 1848 847 Chria

997 853 1033 888 sti
1045 854 1246 889 sententiam.
1265 858 1378 890 Pateor
1389 859 1519 903 quidem
1540 859 1745 894 intolerabile
1755 858 1844 897 finisse

996 910 1080 935 onus
1092 911 1189 949 Legis
1199 925 1209 940 ,
1222 910 1248 936 ἃ
1265 905 1352 950 quod
1362 907 1484 939 animas
1493 906 1647 942 obrueret
1657 921 1664 941 :
1676 910 1762 957 atqui
1773 922 1843 944 me-

997 951 1099 984 moria
1119 951 1294 985 tenendum
1305 951 1350 986 est
1359 954 1448 999 quod
1458 955 1542 994 dixi,
1554 955 1719 994 Christum
1732 958 1844 992 onmi-

997 998 1056 1033 bus
1066 997 1193 1034 afflictis
1212 1011 1340 1033 manum
1353 1002 1519 1048 porrigere
1529 1025 1539 1042 ,
1559 1015 1591 1038 vt
1603 1002 1772 1039 discrimen
1782 1005 1845 1040 sta-

998 1059 1063 1082 tuat
1075 1047 1157 1082 inter
1172 1046 1344 1094 discipulos
1355 1052 1386 1082 δι
1403 1049 1571 1098 Euangelij
1588 1063 1844 1098 contemptores.

998 1097 1152 1130 Notanda
1161 1107 1267 1130 autem
1283 1096 1328 1131 est
1337 1099 1494 1143 generalis
1505 1100 1746 1145 particuhlandeo
1757 1103 1845 1136 enim

999 1143 1063 1178 sine
1073 1145 1264 1190 excePtione
1285 1145 1472 1191 complexus
1483 1146 1527 1182 est
1550 1146 1698 1183 Christus
1711 1149 1850 1196 quicun-

999 1204 1060 1239 que
1070 1191 1218 1227 laborant
1229 1196 1262 1228 &
1270 1196 1395 1228 onerati
1407 1197 1488 1233 sunt,
1502 1209 1542 1230 ne
1552 1199 1623 1244 quis
1633 1208 1727 1243 praua
1737 1198 1850 1233 dubita

998 1243 1089 1275 tione
1099 1242 1182 1274 viam
1196 1240 1252 1274 sibi
1264 1241 1488 1287 praecludat.Et
1498 1255 1603 1279 tamen
1619 1258 1735 1281 omnes
1745 1246 1793 1279 illi
1804 1259 1848 1280 nu

999 1302 1090 1323 mero
1101 1290 1192 1335 pauci
1201 1288 1270 1323 sunt
1305 1304 1313 1324 :
1377 1291 1408 1324 ui
1417 1303 1454 1326 ex
1463 1292 1630 1328 innumera
1641 1294 1846 1339 pereuntium

999 1337 1090 1371 turba
1102 1338 1193 1382 pauci
1208 1337 1237 1371 se
1248 1339 1352 1385 perire
1375 1341 1512 1375 entiunt.
1523 1340 1735 1376 Refocillatio
1747 1355 1846 1391 quam

999 1387 1209 1432 promitrir,in
1219 1388 1354 1433 gratuita
1371 1399 1577 1434 peccatorum
1593 1390 1781 1425 remissione
1792 1391 1847 1426 sita

1000 1434 1126 1480 est‚quae
1141 1432 1205 1468 sola
1214 1447 1275 1472 nos
1284 1437 1477 1483 tranquillat.
1751 1441 1755 1447 ’

1037 1494 1076 1525 29
1114 1482 1224 1516 ‘Tollue
1236 1495 1334 1528 rugum
1344 1486 1564 1534 meum.)Qa
1574 1489 1692 1522 multos
1703 1487 1849 1523 videmus

1001 1530 1089 1564 abuti
1111 1531 1233 1565 Christi
1257 1533 1356 1577 gratia
1375 1534 1450 1567 dum
1464 1535 1551 1568 illam
1563 1537 1601 1570 ad
1619 1537 1722 1570 carnis
1739 1537 1847 1573 indul-

1001 1579 1141 1625 gentiam
1153 1588 1346 1614 conuertunt
1384 1593 1393 1613 ε
1429 1581 1504 1616 ideo
1515 1582 1662 1618 Christus
1677 1584 1848 1631 postquam

1004 1625 1329 1662 conscientiismii'ere
1345 1628 1567 1665 laborantibus
1586 1633 1689 1667 laetam
1700 1634 1845 1681 quietem

1002 1673 1160 1721 promisit,
1167 1675 1256 1709 simul
1266 1676 1421 1711 admonet
1429 1677 1488 1713 hac
1504 1681 1577 1726 lege
1585 1680 1615 1714 se
1626 1680 1686 1715 esse
1693 1683 1850 1716 liberato-

1002 1736 1071 1757 rem
1088 1735 1120 1759 vt
1131 1724 1244 1770 iugum
1255 1721 1342 1759 suum
1354 1723 1519 1773 suscipiant
1556 1741 1565 1761 :
1591 1741 1626 1762 ac
1636 1728 1658 1762 si
1669 1730 1850 1768 &cerense

1004 1784 1071 1805 non
1082 1771 1157 1805 iseo
1168 1771 1333 1807 absoluere
1344 1773 1361 1807 a
1371 1775 1508 1819 peccatis
1518 1799 1527 1814 ‚
1540 1789 1573 1812 vt
1584 1778 1639 1824 qui
1650 1782 1760 1812 Deum
1771 1790 1848 1825 pro-

1006 1820 1120 1866 pitium
1132 1814 1253 1854 habent
1263 1844 1274 1859 ‚
1283 1821 1358 1856 inde
1367 1822 1530 1857 licentiam
1547 1826 1699 1872 arripiant
1715 1839 1850 1873 peccan-

1006 1867 1106 1903 di:sed
1116 1880 1150 1903 vt
1159 1869 1335 1917 eiusgratia
1344 1870 1548 1909 erefflfsimul
1561 1873 1673 1920 iugum
1692 1874 1851 1920 suscipiat,

1007 1929 1041 1950 ae
1059 1917 1153 1951 liberi
1164 1916 1339 1952 secundum
1349 1918 1495 1964 spiritum
1506 1921 1681 1969 costringat
1689 1924 1791 1957 carnis
1800 1920 1853 1967 suec·

1006 1963 1176 2000 lasciuiam.
1197 1968 1307 2013 Atque
1317 1967 1392 2001 hinc
1403 1968 1662 2014 colligiturillius
1671 1970 1787 2015 quietis
1797 1970 1853 2003 de-

1007 2011 1115 2061 finitio
1125 2013 1165 2047 de
1176 2025 1237 2058 qua
1248 2015 1402 2059 loquutus
1410 2021 1608 2060 eratmem'pe
1627 2017 1716 2062 quod
1729 2016 1851 2051 Christi

1007 2060 1179 2105 discipulos
1190 2059 1326 2094 minime
1335 2062 1451 2094 eximat
1460 2063 1477 2094 a
1489 2063 1603 2097 militia
1613 2065 1726 2102 crucis,
1738 2076 1770 2098 vt
1778 2065 1850 2098 sua-

1007 2106 1360 2144 uiter‘delicicntunsed
1371 2120 1514 2142 exerceat
1525 2109 1579 2142 sub
1589 2110 1759 2157 disciplinae
1771 2114 1862 2147 one:

1007 2165 1052 2189 rc.
1061 2157 1091 2199 δι
1099 2151 1160 2188 sub
1169 2154 1248 2200 iugo
1257 2155 1431 2190 contineat.
1467 2158 1584 2200 Discite
1593 2157 1612 2192 ἃ
1621 2161 1853 2199 me.Falluntur‚

1009 2191 1226 2239 ineffiudicim
1237 2204 1292 2248 qui
1302 2212 1413 2247 putant
1422 2203 1586 2240 Christum
1599 2207 1638 2240 de
1649 2207 1699 2242 sua
1709 2206 1856 2242 mansue-

1008 2249 1120 2284 tudine
1139 2247 1190 2283 hic
1210 2249 1315 2291 testari
1324 2273 1334 2289 ,
1345 2263 1387 2285 ne
1398 2250 1574 2298 discipuli(
1586 2266 1618 2288 vt
1629 2253 1709 2290 solet
1719 2256 1853 2291 accessus

1008 2308 1179 2343 potentum
1191 2296 1250 2331 effe
1263 2296 1480 2334 formidabilis
1491 2306 1646 2348 )propter
1659 2305 1812 2340 Diuinam
1824 2318 1858 2339 e-

1009 2346 1058 2379 ius
1068 2345 1205 2392 gloriam
1215 2345 1255 2379 ab
1265 2344 1333 2392 ipso
1341 2345 1512 2394 refugiant.
1551 2350 1664 2386 Potius
1673 2354 1773 2392 enim,
1786 2353 1860 2400 quia

1010 2404 1142 2440 propter
1169 2405 1272 2428 carnis
1310 2397 1545 2432 contumaciam
1564 2398 1680 2445 iugum.
1697 2401 1763 2435 eius
1789 2413 1860 2435 tan-

1011 2453 1107 2488 quam
1116 2442 1260 2487 asperum
1271 2446 1304 2479 δι
1313 2441 1445 2491 difficile
1465 2444 1652 2492 refugimus,
1663 2462 1723 2483 nos
1733 2449 1770 2483 ad
1779 2449 1858 2483 imi-

1012 2489 1170 2524 tationem
1180 2489 1222 2523 sui
1231 2489 1463 2527 format.Paulo
1472 2493 1544 2538 post
1554 2495 1632 2530 dicit
1644 2497 1753 2544 iugum
1764 2495 1854 2531 suum

1013 2538 1074 2573 effe
1083 2537 1238 2573 suanetsed
1249 2540 1335 2574 vnde
1345 2539 1400 2574 fiet
1410 2551 1443 2574 vt
1451 2541 1590 2577 libenter
1604 2548 1634 2579 δε
1648 2545 1773 2590 placide
1783 2546 1854 2579 col—

1013 2588 1079 2620 lum
1089 2583 1410 2632 quisquesubmittat‚
1430 2588 1487 2622 nifi
1503 2589 1559 2623 vbi
1578 2592 1852 2627 mansuetudinem

1013 2633 1290 2672 indutus‚Christo
1301 2635 1478 2671 conformis
1489 2638 1662 2674 erit?Hunc
1672 2643 1771 2685 porro
1780 2652 1852 2673 ver-

1015 2682 1132 2716 borum
1154 2680 1214 2716 esse
1232 2681 1354 2718 sensum
1371 2685 1594 2732 constat:qnia
1606 2687 1750 2722 Christus
1759 2686 1853 2722 disci-

1016 2732 1109 2777 pulos
1119 2729 1264 2764 hortatus
1278 2732 1317 2765 ad
1327 2732 1437 2779 iugum
1456 2732 1543 2767 suum
1553 2734 1731 2772 ferendum,
1743 2747 1784 2769 ne
1795 2747 1854 2770 eos

1016 2788 1131 2813 terreat
1146 2775 1318 2812 difficultas
1326 2801 1336 2817 ‚
1348 2780 1509 2814 continuo
1516 2781 1586 2825 post
1594 2782 1679 2816 addit
1691 2795 1698 2815 :
1711 2783 1826 2826 Discite
1835 2781 1857 2816 ἆ

1017 2840 1071 2861 me:
1084 2824 1262 2872 significans
1272 2838 1337 2859 non
1349 2823 1418 2860 fore
1429 2825 1599 2861 molestum
1609 2831 1707 2864 nobis
1717 2831 1793 2864 illud
1807 2831 1857 2866 iu-

1018 2887 1094 2922 gum
1107 2874 1161 2908 vbi
1171 2872 1226 2908 suo
1243 2875 1390 2918 exemplo
1401 2874 1441 2908 ad
1458 2874 1734 2916 mansuetudinem
1755 2883 1786 2914 &
1796 2879 1858 2913 hu-

1020 2923 1187 2958 militatem
1197 2915 1352 2956 adsuefacti
1363 2922 1491 2956 erimus.
1511 2924 1637 2959 Eodem
1649 2927 1746 2961 etiam
1755 2927 1857 2973 perti-

1020 2982 1075 3005 net
1085 2970 1173 3016 quod
1182 2970 1448 3008 addit‚Inuemetis
1457 2975 1760 3021 requiemQandiu
1770 2977 1859 3009 enim

1019 3019 1197 3055 recalcitrat
1207 3016 1292 3054 caro,
1303 3020 1532 3052 tumultuamur
1545 3023 1576 3054 &
1588 3023 1643 3068 qui
1654 3023 1765 3069 iugum
1776 3023 1859 3058 Chri

1021 3067 1059 3102 sti
1069 3064 1245 3102 recusantes
1255 3066 1345 3100 aliter
1355 3068 1462 3101 Deum
1484 3068 1605 3112 placare
1616 3081 1782 3109 conantur,
1794 3068 1858 3104 fru-

1022 3117 1079 3150 stra
1089 3115 1119 3148 se
1128 3113 1260 3160 fatigant
1268 3117 1301 3149 δι
1311 3117 1637 3161 macerant.Qaliter
1648 3119 1792 3153 videmus
1802 3120 1858 3151 Pa-

1022 3163 1113 3210 pistas
1124 3160 1233 3196 misere
1242 3159 1358 3208 seipsos
1367 3163 1556 3201 excruciare,
1568 3168 1599 3199 &
1610 3166 1709 3200 diram
1721 3178 1806 3211 tyran
1812 3167 1857 3200 ni-

1023 3212 1095 3245 dem
1107 3208 1162 3242 sub
1172 3219 1237 3256 qua
1244 3220 1446 3258 torquentur,
1456 3211 1572 3246 tacitos
1581 3211 1719 3252 ferre‚nc
1729 3213 1859 3248 subeant

1024 3257 1144 3293 Christi
1153 3257 1277 3305 iugum.

1475 3358 1608 3393 LVC.
1646 3358 1713 3392 Vr.

1398 3464 1412 3490 1
1509 3452 1641 3489 Accidit
1654 3464 1767 3492 autem
1774 3465 1820 3492 vt
1827 3458 1866 3493 in

1306 3504 1471 3545 Sabbatha
1487 3505 1742 3570 ficundopringo
1770 3510 1866 3549 trim-

1650 3577 1673 3599 Π
1706 3577 1719 3609 J
