<?xml version="1.0" encoding="UTF-8"?>
<!DOCTYPE html PUBLIC "-//W3C//DTD XHTML 1.0 Transitional//EN"
    "http://www.w3.org/TR/xhtml1/DTD/xhtml1-transitional.dtd">
<html xmlns="http://www.w3.org/1999/xhtml" xml:lang="en" lang="en">
 <head>
  <title>
</title>
<meta http-equiv="Content-Type" content="text/html;charset=utf-8" />
  <meta name='ocr-system' content='tesseract 3.04.00' />
  <meta name='ocr-capabilities' content='ocr_page ocr_carea ocr_par ocr_line ocrx_word'/>
</head>
<body>
  <div class='ocr_page' id='page_1' title='image "./harmoniaexevange1614calv_0766.png"; bbox 0 0 2310 3841; ppageno 0'>
   <div class='ocr_carea' id='block_1_1' title="bbox 256 1757 357 1815">
    <p class='ocr_par' dir='ltr' id='par_1_1' title="bbox 256 1757 357 1815">
     <span class='ocr_line' id='line_1_1' title="bbox 257 1757 357 1785; baseline 0 -4"><span class='ocrx_word' id='word_1_1' title='bbox 257 1757 357 1785; x_wconf 45' lang='grc' dir='ltr'>(ΕΔΑ-8.</span> 
     </span>
     <span class='ocr_line' id='line_1_2' title="bbox 256 1799 297 1815; baseline -0.024 0"><span class='ocrx_word' id='word_1_2' title='bbox 256 1799 297 1815; x_wconf 76' lang='lat' dir='ltr'>m..</span> 
     </span>
    </p>
   </div>
   <div class='ocr_carea' id='block_1_2' title="bbox 259 2253 370 2316">
    <p class='ocr_par' dir='ltr' id='par_1_2' title="bbox 259 2253 370 2316">
     <span class='ocr_line' id='line_1_3' title="bbox 259 2253 370 2276; baseline -0.009 0"><span class='ocrx_word' id='word_1_3' title='bbox 259 2253 370 2276; x_wconf 76' lang='lat' dir='ltr'>2.Tim.2-</span> 
     </span>
     <span class='ocr_line' id='line_1_4' title="bbox 260 2293 321 2316; baseline -0.033 -5"><span class='ocrx_word' id='word_1_4' title='bbox 260 2293 321 2316; x_wconf 66' lang='lat'>‘²¹24-</span> 
     </span>
    </p>
   </div>
   <div class='ocr_carea' id='block_1_3' title="bbox 273 3490 394 3515">
    <p class='ocr_par' dir='ltr' id='par_1_3' title="bbox 273 3490 394 3515">
     <span class='ocr_line' id='line_1_5' title="bbox 273 3490 394 3515; baseline 0.008 -2"><span class='ocrx_word' id='word_1_5' title='bbox 273 3490 394 3515; x_wconf 73' lang='lat' dir='ltr'>Cal.t.b.8.</span> 
     </span>
    </p>
   </div>
   <div class='ocr_carea' id='block_1_4' title="bbox 387 162 2131 3589">
    <p class='ocr_par' dir='ltr' id='par_1_4' title="bbox 394 162 1610 232">
     <span class='ocr_line' id='line_1_6' title="bbox 394 162 1610 232; baseline -0.007 -20"><span class='ocrx_word' id='word_1_6' title='bbox 394 190 453 232; x_wconf 70' lang='lat'>³30</span> <span class='ocrx_word' id='word_1_7' title='bbox 957 167 1028 209; x_wconf 84' lang='lat' dir='ltr'>IN</span> <span class='ocrx_word' id='word_1_8' title='bbox 1087 162 1291 207; x_wconf 75' lang='lat' dir='ltr'>ACTA</span> <span class='ocrx_word' id='word_1_9' title='bbox 1356 163 1610 206; x_wconf 80' lang='lat' dir='ltr'>APOST.</span> 
     </span>
    </p>

    <p class='ocr_par' dir='ltr' id='par_1_5' title="bbox 387 228 2122 1078">
     <span class='ocr_line' id='line_1_7' title="bbox 387 228 2115 280; baseline -0.009 -2"><span class='ocrx_word' id='word_1_10' title='bbox 387 245 505 280; x_wconf 86' lang='lat' dir='ltr'>tuosurn</span> <span class='ocrx_word' id='word_1_11' title='bbox 514 250 671 276; x_wconf 85' lang='lat' dir='ltr'>certamen.</span> <span class='ocrx_word' id='word_1_12' title='bbox 695 239 756 270; x_wconf 85' lang='lat' dir='ltr'>Iam</span> <span class='ocrx_word' id='word_1_13' title='bbox 766 236 795 269; x_wconf 90' lang='lat' dir='ltr'>in</span> <span class='ocrx_word' id='word_1_14' title='bbox 806 235 867 268; x_wconf 84' lang='lat' dir='ltr'>solo</span> <span class='ocrx_word' id='word_1_15' title='bbox 876 228 992 268; x_wconf 71' lang='lat' dir='ltr'>dissidio</span> <span class='ocrx_word' id='word_1_16' title='bbox 1001 234 1069 276; x_wconf 87' lang='lat' dir='ltr'>plus</span> <span class='ocrx_word' id='word_1_17' title='bbox 1076 233 1140 265; x_wconf 85' lang='lat' dir='ltr'>satis</span> <span class='ocrx_word' id='word_1_18' title='bbox 1148 243 1214 265; x_wconf 85' lang='lat' dir='ltr'>erat·</span> <span class='ocrx_word' id='word_1_19' title='bbox 1221 232 1302 264; x_wconf 82' lang='lat' dir='ltr'>mali:</span> <span class='ocrx_word' id='word_1_20' title='bbox 1310 231 1358 262; x_wconf 85' lang='lat' dir='ltr'>sed</span> <span class='ocrx_word' id='word_1_21' title='bbox 1372 232 1463 273; x_wconf 70' lang='lat' dir='ltr'>longe</span> <span class='ocrx_word' id='word_1_22' title='bbox 1471 232 1600 262; x_wconf 84' lang='lat' dir='ltr'>atrocius</span> <span class='ocrx_word' id='word_1_23' title='bbox 1608 228 1716 262; x_wconf 82' lang='lat' dir='ltr'>malurn</span> <span class='ocrx_word' id='word_1_24' title='bbox 1727 228 1851 265; x_wconf 86' lang='lat' dir='ltr'>est,dum</span> <span class='ocrx_word' id='word_1_25' title='bbox 1861 230 1988 274; x_wconf 81' lang='lat' dir='ltr'>eousque</span> <span class='ocrx_word' id='word_1_26' title='bbox 1999 230 2115 267; x_wconf 69' lang='lat' dir='ltr'>feruere</span> 
     </span>
     <span class='ocr_line' id='line_1_8' title="bbox 388 274 2117 332; baseline -0.008 -8"><span class='ocrx_word' id='word_1_27' title='bbox 388 291 494 332; x_wconf 80' lang='lat' dir='ltr'>incipit</span> <span class='ocrx_word' id='word_1_28' title='bbox 504 288 669 321; x_wconf 73' lang='lat' dir='ltr'>contentio,</span> <span class='ocrx_word' id='word_1_29' title='bbox 679 294 709 316; x_wconf 91' lang='lat' dir='ltr'>vt</span> <span class='ocrx_word' id='word_1_30' title='bbox 719 282 861 314; x_wconf 86' lang='lat' dir='ltr'>hostiliter</span> <span class='ocrx_word' id='word_1_31' title='bbox 871 291 1004 323; x_wconf 80' lang='lat' dir='ltr'>pugnate</span> <span class='ocrx_word' id='word_1_32' title='bbox 1013 285 1156 322; x_wconf 81' lang='lat' dir='ltr'>cogantur</span> <span class='ocrx_word' id='word_1_33' title='bbox 1166 286 1234 312; x_wconf 79' lang='lat' dir='ltr'>cum</span> <span class='ocrx_word' id='word_1_34' title='bbox 1253 276 1400 308; x_wconf 83' lang='lat' dir='ltr'>fratribus.</span> <span class='ocrx_word' id='word_1_35' title='bbox 1423 278 1508 307; x_wconf 87' lang='lat' dir='ltr'>Adde</span> <span class='ocrx_word' id='word_1_36' title='bbox 1523 275 1674 307; x_wconf 69' lang='lat' dir='ltr'>infamiam</span> <span class='ocrx_word' id='word_1_37' title='bbox 1685 294 1694 309; x_wconf 70' lang='lat'><em>2</em></span> <span class='ocrx_word' id='word_1_38' title='bbox 1706 285 1761 316; x_wconf 86' lang='lat' dir='ltr'>qua</span> <span class='ocrx_word' id='word_1_39' title='bbox 1771 274 1797 305; x_wconf 91' lang='lat' dir='ltr'>se</span> <span class='ocrx_word' id='word_1_40' title='bbox 1815 285 1925 317; x_wconf 82' lang='lat' dir='ltr'>grauari</span> <span class='ocrx_word' id='word_1_41' title='bbox 1937 278 2077 309; x_wconf 85' lang='lat' dir='ltr'>videbant</span> <span class='ocrx_word' id='word_1_42' title='bbox 2087 289 2117 311; x_wconf 80' lang='lat' dir='ltr'>a·-</span> 
     </span>
     <span class='ocr_line' id='line_1_9' title="bbox 391 319 2117 379; baseline -0.006 -15"><span class='ocrx_word' id='word_1_43' title='bbox 391 337 452 379; x_wconf 77' lang='lat' dir='ltr'>pud</span> <span class='ocrx_word' id='word_1_44' title='bbox 463 332 613 374; x_wconf 81' lang='lat' dir='ltr'>imperitos</span> <span class='ocrx_word' id='word_1_45' title='bbox 622 333 653 361; x_wconf 87' lang='lat'>&amp;</span> <span class='ocrx_word' id='word_1_46' title='bbox 666 328 819 368; x_wconf 83' lang='lat' dir='ltr'>simplices,</span> <span class='ocrx_word' id='word_1_47' title='bbox 830 337 862 357; x_wconf 92' lang='lat' dir='ltr'>ac</span> <span class='ocrx_word' id='word_1_48' title='bbox 873 325 891 355; x_wconf 81' lang='lat' dir='ltr'>ii</span> <span class='ocrx_word' id='word_1_49' title='bbox 901 335 1002 367; x_wconf 87' lang='lat' dir='ltr'>pacem</span> <span class='ocrx_word' id='word_1_50' title='bbox 1011 322 1138 364; x_wconf 59' lang='lat' dir='ltr'>Ecclesiq</span> <span class='ocrx_word' id='word_1_51' title='bbox 1147 324 1302 354; x_wconf 73' lang='lat' dir='ltr'>turbarent</span> <span class='ocrx_word' id='word_1_52' title='bbox 1314 320 1358 352; x_wconf 89' lang='lat' dir='ltr'>sua</span> <span class='ocrx_word' id='word_1_53' title='bbox 1372 321 1546 360; x_wconf 83' lang='lat' dir='ltr'>peruicacia.</span> <span class='ocrx_word' id='word_1_54' title='bbox 1565 320 1601 350; x_wconf 84' lang='lat' dir='ltr'>fic</span> <span class='ocrx_word' id='word_1_55' title='bbox 1613 321 1693 351; x_wconf 69' lang='lat' dir='ltr'>enim</span> <span class='ocrx_word' id='word_1_56' title='bbox 1707 319 1768 350; x_wconf 87' lang='lat' dir='ltr'>fieri</span> <span class='ocrx_word' id='word_1_57' title='bbox 1780 322 1864 354; x_wconf 82' lang='lat' dir='ltr'>solet,</span> <span class='ocrx_word' id='word_1_58' title='bbox 1873 330 1904 350; x_wconf 90' lang='lat' dir='ltr'>vr</span> <span class='ocrx_word' id='word_1_59' title='bbox 1913 320 1985 352; x_wconf 88' lang='lat' dir='ltr'>serui</span> <span class='ocrx_word' id='word_1_60' title='bbox 1996 324 2117 360; x_wconf 82' lang='lat' dir='ltr'>Christi,</span> 
     </span>
     <span class='ocr_line' id='line_1_10' title="bbox 392 364 2118 423; baseline -0.01 -14"><span class='ocrx_word' id='word_1_61' title='bbox 392 379 543 423; x_wconf 77' lang='lat' dir='ltr'>postquam</span> <span class='ocrx_word' id='word_1_62' title='bbox 553 374 758 406; x_wconf 50' lang='lat' dir='ltr'>injusteve-&gt;tau</span> <span class='ocrx_word' id='word_1_63' title='bbox 770 370 888 403; x_wconf 81' lang='lat' dir='ltr'>fuerint,</span> <span class='ocrx_word' id='word_1_64' title='bbox 898 372 970 401; x_wconf 85' lang='lat' dir='ltr'>acin</span> <span class='ocrx_word' id='word_1_65' title='bbox 981 369 1066 399; x_wconf 77' lang='lat' dir='ltr'>bonae</span> <span class='ocrx_word' id='word_1_66' title='bbox 1076 368 1162 400; x_wconf 73' lang='lat' dir='ltr'>causac</span> <span class='ocrx_word' id='word_1_67' title='bbox 1178 365 1349 397; x_wconf 86' lang='lat' dir='ltr'>defensione</span> <span class='ocrx_word' id='word_1_68' title='bbox 1361 365 1477 396; x_wconf 84' lang='lat' dir='ltr'>fidelem</span> <span class='ocrx_word' id='word_1_69' title='bbox 1495 365 1630 396; x_wconf 81' lang='lat' dir='ltr'>natiarint</span> <span class='ocrx_word' id='word_1_70' title='bbox 1646 375 1765 404; x_wconf 84' lang='lat' dir='ltr'>operam</span> <span class='ocrx_word' id='word_1_71' title='bbox 1777 385 1786 398; x_wconf 86' lang='lat'>,</span> <span class='ocrx_word' id='word_1_72' title='bbox 1802 364 1921 394; x_wconf 83' lang='lat' dir='ltr'>tandem</span> <span class='ocrx_word' id='word_1_73' title='bbox 1934 367 1996 406; x_wconf 80' lang='lat' dir='ltr'>post</span> <span class='ocrx_word' id='word_1_74' title='bbox 2012 378 2118 399; x_wconf 68' lang='lat' dir='ltr'>omnes</span> 
     </span>
     <span class='ocr_line' id='line_1_11' title="bbox 391 409 2118 461; baseline -0.007 -8"><span class='ocrx_word' id='word_1_75' title='bbox 391 421 547 456; x_wconf 76' lang='lat' dir='ltr'>molestias&gt;</span> <span class='ocrx_word' id='word_1_76' title='bbox 559 418 702 461; x_wconf 78' lang='lat' dir='ltr'>quiequid</span> <span class='ocrx_word' id='word_1_77' title='bbox 713 416 753 448; x_wconf 81' lang='lat' dir='ltr'>est</span> <span class='ocrx_word' id='word_1_78' title='bbox 763 415 879 447; x_wconf 75' lang='lat' dir='ltr'>inuidiae</span> <span class='ocrx_word' id='word_1_79' title='bbox 889 413 1052 445; x_wconf 85' lang='lat' dir='ltr'>sustineant.</span> <span class='ocrx_word' id='word_1_80' title='bbox 1062 412 1174 443; x_wconf 73' lang='lat' dir='ltr'>intucta</span> <span class='ocrx_word' id='word_1_81' title='bbox 1184 411 1274 452; x_wconf 81' lang='lat' dir='ltr'>igitur</span> <span class='ocrx_word' id='word_1_82' title='bbox 1284 411 1373 441; x_wconf 86' lang='lat' dir='ltr'>animi</span> <span class='ocrx_word' id='word_1_83' title='bbox 1385 410 1588 451; x_wconf 76' lang='lat' dir='ltr'>magnitudine</span> <span class='ocrx_word' id='word_1_84' title='bbox 1598 410 1733 450; x_wconf 76' lang='lat' dir='ltr'>praeditos</span> <span class='ocrx_word' id='word_1_85' title='bbox 1744 409 1798 439; x_wconf 81' lang='lat' dir='ltr'>esse</span> <span class='ocrx_word' id='word_1_86' title='bbox 1809 419 1879 450; x_wconf 76' lang='lat' dir='ltr'>opor</span> <span class='ocrx_word' id='word_1_87' title='bbox 1887 419 1940 443; x_wconf 61' lang='lat' dir='ltr'>reti</span> <span class='ocrx_word' id='word_1_88' title='bbox 1952 418 1981 440; x_wconf 82' lang='lat' dir='ltr'>vt</span> <span class='ocrx_word' id='word_1_89' title='bbox 1990 411 2118 444; x_wconf 76' lang='lat' dir='ltr'>sinistros</span> 
     </span>
     <span class='ocr_line' id='line_1_12' title="bbox 392 452 2118 506; baseline -0.003 -13"><span class='ocrx_word' id='word_1_90' title='bbox 392 475 534 500; x_wconf 64' lang='lat' dir='ltr'>rumores,</span> <span class='ocrx_word' id='word_1_91' title='bbox 547 465 596 506; x_wconf 87' lang='lat' dir='ltr'>qui</span> <span class='ocrx_word' id='word_1_92' title='bbox 609 465 645 494; x_wconf 87' lang='lat' dir='ltr'>de</span> <span class='ocrx_word' id='word_1_93' title='bbox 657 463 712 492; x_wconf 84' lang='lat' dir='ltr'>illis</span> <span class='ocrx_word' id='word_1_94' title='bbox 723 462 901 502; x_wconf 77' lang='lat' dir='ltr'>sparguntur,</span> <span class='ocrx_word' id='word_1_95' title='bbox 911 458 1078 499; x_wconf 82' lang='lat' dir='ltr'>despiciant.</span> <span class='ocrx_word' id='word_1_96' title='bbox 1099 457 1173 486; x_wconf 89' lang='lat' dir='ltr'>Ideo</span> <span class='ocrx_word' id='word_1_97' title='bbox 1192 455 1332 497; x_wconf 83' lang='lat' dir='ltr'>gloriatur</span> <span class='ocrx_word' id='word_1_98' title='bbox 1347 454 1416 484; x_wconf 88' lang='lat' dir='ltr'>alibi</span> <span class='ocrx_word' id='word_1_99' title='bbox 1435 454 1541 485; x_wconf 75' lang='lat' dir='ltr'>Paulus</span> <span class='ocrx_word' id='word_1_100' title='bbox 1553 472 1560 485; x_wconf 65' lang='lat'>³</span> <span class='ocrx_word' id='word_1_101' title='bbox 1572 454 1599 484; x_wconf 90' lang='lat' dir='ltr'>se</span> <span class='ocrx_word' id='word_1_102' title='bbox 1614 464 1665 494; x_wconf 90' lang='lat' dir='ltr'>per</span> <span class='ocrx_word' id='word_1_103' title='bbox 1674 452 1833 487; x_wconf 79' lang='lat' dir='ltr'>seditiones</span> <span class='ocrx_word' id='word_1_104' title='bbox 1849 454 2031 494; x_wconf 76' lang='lat' dir='ltr'>progrtflum</span> <span class='ocrx_word' id='word_1_105' title='bbox 2051 453 2118 489; x_wconf 79' lang='lat' dir='ltr'>esse.</span> 
     </span>
     <span class='ocr_line' id='line_1_13' title="bbox 393 497 2118 543; baseline -0.008 -1"><span class='ocrx_word' id='word_1_106' title='bbox 393 508 538 542; x_wconf 68' lang='lat' dir='ltr'>Caeterum</span> <span class='ocrx_word' id='word_1_107' title='bbox 549 507 677 539; x_wconf 83' lang='lat' dir='ltr'>tenenda</span> <span class='ocrx_word' id='word_1_108' title='bbox 686 506 726 536; x_wconf 86' lang='lat' dir='ltr'>est</span> <span class='ocrx_word' id='word_1_109' title='bbox 735 517 766 536; x_wconf 83' lang='lat' dir='ltr'>ea</span> <span class='ocrx_word' id='word_1_110' title='bbox 777 505 942 536; x_wconf 76' lang='lat' dir='ltr'>moderatio</span> <span class='ocrx_word' id='word_1_111' title='bbox 952 501 1058 534; x_wconf 86' lang='lat' dir='ltr'>Christi</span> <span class='ocrx_word' id='word_1_112' title='bbox 1069 502 1170 534; x_wconf 72' lang='lat' dir='ltr'>(eruis,</span> <span class='ocrx_word' id='word_1_113' title='bbox 1181 511 1212 531; x_wconf 84' lang='lat' dir='ltr'>vt</span> <span class='ocrx_word' id='word_1_114' title='bbox 1223 499 1260 530; x_wconf 88' lang='lat' dir='ltr'>ab</span> <span class='ocrx_word' id='word_1_115' title='bbox 1271 500 1352 529; x_wconf 91' lang='lat' dir='ltr'>omni</span> <span class='ocrx_word' id='word_1_116' title='bbox 1364 498 1518 534; x_wconf 82' lang='lat' dir='ltr'>discordia,</span> <span class='ocrx_word' id='word_1_117' title='bbox 1529 508 1670 540; x_wconf 87' lang='lat' dir='ltr'>quantum</span> <span class='ocrx_word' id='word_1_118' title='bbox 1681 497 1747 528; x_wconf 84' lang='lat' dir='ltr'>inse</span> <span class='ocrx_word' id='word_1_119' title='bbox 1759 497 1810 532; x_wconf 87' lang='lat' dir='ltr'>est,</span> <span class='ocrx_word' id='word_1_120' title='bbox 1821 497 2010 529; x_wconf 81' lang='lat' dir='ltr'>abhorreant.</span> <span class='ocrx_word' id='word_1_121' title='bbox 2021 499 2038 530; x_wconf 85' lang='lat' dir='ltr'>si</span> <span class='ocrx_word' id='word_1_122' title='bbox 2049 504 2118 543; x_wconf 77' lang='lat' dir='ltr'>qui.</span> 
     </span>
     <span class='ocr_line' id='line_1_14' title="bbox 393 541 2118 586; baseline -0.006 0"><span class='ocrx_word' id='word_1_123' title='bbox 393 556 434 586; x_wconf 90' lang='lat' dir='ltr'>do</span> <span class='ocrx_word' id='word_1_124' title='bbox 443 555 544 586; x_wconf 83' lang='lat' dir='ltr'>turbas</span> <span class='ocrx_word' id='word_1_125' title='bbox 555 555 585 584; x_wconf 72' lang='lat'>8(</span> <span class='ocrx_word' id='word_1_126' title='bbox 595 551 804 584; x_wconf 78' lang='lat' dir='ltr'>contentiones</span> <span class='ocrx_word' id='word_1_127' title='bbox 814 550 919 580; x_wconf 85' lang='lat' dir='ltr'>excitat</span> <span class='ocrx_word' id='word_1_128' title='bbox 930 550 1026 579; x_wconf 76' lang='lat' dir='ltr'>Satan,</span> <span class='ocrx_word' id='word_1_129' title='bbox 1040 544 1135 575; x_wconf 85' lang='lat' dir='ltr'>sedate</span> <span class='ocrx_word' id='word_1_130' title='bbox 1146 554 1193 574; x_wconf 85' lang='lat' dir='ltr'>eas</span> <span class='ocrx_word' id='word_1_131' title='bbox 1205 554 1362 574; x_wconf 83' lang='lat' dir='ltr'>conentur.-</span> <span class='ocrx_word' id='word_1_132' title='bbox 1371 543 1442 573; x_wconf 89' lang='lat' dir='ltr'>nihil</span> <span class='ocrx_word' id='word_1_133' title='bbox 1453 543 1580 584; x_wconf 83' lang='lat' dir='ltr'>denique</span> <span class='ocrx_word' id='word_1_134' title='bbox 1592 553 1650 572; x_wconf 89' lang='lat' dir='ltr'>non</span> <span class='ocrx_word' id='word_1_135' title='bbox 1660 551 1747 582; x_wconf 79' lang='lat' dir='ltr'>agant</span> <span class='ocrx_word' id='word_1_136' title='bbox 1757 541 1890 571; x_wconf 56' lang='lat' dir='ltr'>fouenda</span> <span class='ocrx_word' id='word_1_137' title='bbox 1899 545 2018 574; x_wconf 80' lang='lat' dir='ltr'>vnitatis</span> <span class='ocrx_word' id='word_1_138' title='bbox 2027 544 2118 577; x_wconf 76' lang='lat' dir='ltr'>causa,</span> 
     </span>
     <span class='ocr_line' id='line_1_15' title="bbox 393 585 2120 636; baseline -0.008 -5"><span class='ocrx_word' id='word_1_139' title='bbox 393 600 448 631; x_wconf 84' lang='lat' dir='ltr'>Sed</span> <span class='ocrx_word' id='word_1_140' title='bbox 459 598 568 630; x_wconf 85' lang='lat' dir='ltr'>rursum</span> <span class='ocrx_word' id='word_1_141' title='bbox 578 598 628 628; x_wconf 92' lang='lat' dir='ltr'>vbi</span> <span class='ocrx_word' id='word_1_142' title='bbox 638 597 786 636; x_wconf 87' lang='lat' dir='ltr'>impetitur</span> <span class='ocrx_word' id='word_1_143' title='bbox 798 593 854 625; x_wconf 90' lang='lat' dir='ltr'>Dei</span> <span class='ocrx_word' id='word_1_144' title='bbox 865 594 982 626; x_wconf 80' lang='lat' dir='ltr'>veritas,</span> <span class='ocrx_word' id='word_1_145' title='bbox 993 589 1104 621; x_wconf 89' lang='lat' dir='ltr'>nullum</span> <span class='ocrx_word' id='word_1_146' title='bbox 1114 599 1168 630; x_wconf 88' lang='lat' dir='ltr'>pro</span> <span class='ocrx_word' id='word_1_147' title='bbox 1179 589 1242 618; x_wconf 89' lang='lat' dir='ltr'>eius</span> <span class='ocrx_word' id='word_1_148' title='bbox 1253 586 1420 618; x_wconf 72' lang='lat' dir='ltr'>defensione</span> <span class='ocrx_word' id='word_1_149' title='bbox 1431 598 1577 618; x_wconf 82' lang='lat' dir='ltr'>certarnen</span> <span class='ocrx_word' id='word_1_150' title='bbox 1589 585 1746 627; x_wconf 81' lang='lat' dir='ltr'>refugiant:</span> <span class='ocrx_word' id='word_1_151' title='bbox 1756 596 1809 616; x_wconf 77' lang='lat' dir='ltr'>nec</span> <span class='ocrx_word' id='word_1_152' title='bbox 1819 587 1957 618; x_wconf 77' lang='lat' dir='ltr'>dubitent</span> <span class='ocrx_word' id='word_1_153' title='bbox 1966 588 1993 618; x_wconf 89' lang='lat' dir='ltr'>se</span> <span class='ocrx_word' id='word_1_154' title='bbox 2003 588 2120 622; x_wconf 71' lang='lat' dir='ltr'>fortiter</span> 
     </span>
     <span class='ocr_line' id='line_1_16' title="bbox 390 631 2119 685; baseline -0.006 -10"><span class='ocrx_word' id='word_1_155' title='bbox 390 653 555 685; x_wconf 84' lang='lat' dir='ltr'>opponere,</span> <span class='ocrx_word' id='word_1_156' title='bbox 566 641 689 683; x_wconf 70' lang='lat' dir='ltr'>quamuis</span> <span class='ocrx_word' id='word_1_157' title='bbox 698 640 795 670; x_wconf 83' lang='lat' dir='ltr'>caelum</span> <span class='ocrx_word' id='word_1_158' title='bbox 805 648 883 669; x_wconf 77' lang='lat' dir='ltr'>terrae</span> <span class='ocrx_word' id='word_1_159' title='bbox 891 636 1053 668; x_wconf 75' lang='lat' dir='ltr'>misceatur.</span> <span class='ocrx_word' id='word_1_160' title='bbox 1086 636 1149 664; x_wconf 89' lang='lat' dir='ltr'>Nos</span> <span class='ocrx_word' id='word_1_161' title='bbox 1159 632 1230 664; x_wconf 77' lang='lat' dir='ltr'>verb</span> <span class='ocrx_word' id='word_1_162' title='bbox 1243 634 1299 664; x_wconf 88' lang='lat' dir='ltr'>hoc</span> <span class='ocrx_word' id='word_1_163' title='bbox 1311 631 1447 672; x_wconf 83' lang='lat' dir='ltr'>exemplo</span> <span class='ocrx_word' id='word_1_164' title='bbox 1461 633 1587 665; x_wconf 90' lang='lat' dir='ltr'>moniti,</span> <span class='ocrx_word' id='word_1_165' title='bbox 1599 640 1717 671; x_wconf 85' lang='lat' dir='ltr'>quoties</span> <span class='ocrx_word' id='word_1_166' title='bbox 1733 640 1868 661; x_wconf 82' lang='lat' dir='ltr'>oriuntur</span> <span class='ocrx_word' id='word_1_167' title='bbox 1887 632 1916 661; x_wconf 90' lang='lat' dir='ltr'>in</span> <span class='ocrx_word' id='word_1_168' title='bbox 1935 633 2060 665; x_wconf 81' lang='lat' dir='ltr'>Ecclesia</span> <span class='ocrx_word' id='word_1_169' title='bbox 2073 645 2119 665; x_wconf 87' lang='lat' dir='ltr'>tu-</span> 
     </span>
     <span class='ocr_line' id='line_1_17' title="bbox 392 674 2120 725; baseline -0.005 -6"><span class='ocrx_word' id='word_1_170' title='bbox 392 688 511 723; x_wconf 80' lang='lat' dir='ltr'>multus,</span> <span class='ocrx_word' id='word_1_171' title='bbox 522 685 661 717; x_wconf 85' lang='lat' dir='ltr'>discamus</span> <span class='ocrx_word' id='word_1_172' title='bbox 671 685 827 725; x_wconf 84' lang='lat' dir='ltr'>prudenter</span> <span class='ocrx_word' id='word_1_173' title='bbox 839 691 962 722; x_wconf 77' lang='lat' dir='ltr'>qnorum</span> <span class='ocrx_word' id='word_1_174' title='bbox 973 680 1058 720; x_wconf 80' lang='lat' dir='ltr'>culpa</span> <span class='ocrx_word' id='word_1_175' title='bbox 1067 678 1096 708; x_wconf 89' lang='lat' dir='ltr'>id</span> <span class='ocrx_word' id='word_1_176' title='bbox 1108 678 1219 708; x_wconf 80' lang='lat' dir='ltr'>accidat</span> <span class='ocrx_word' id='word_1_177' title='bbox 1229 676 1392 708; x_wconf 83' lang='lat' dir='ltr'>discernere</span> <span class='ocrx_word' id='word_1_178' title='bbox 1403 698 1412 711; x_wconf 89' lang='lat'>‚</span> <span class='ocrx_word' id='word_1_179' title='bbox 1423 687 1458 706; x_wconf 86' lang='lat' dir='ltr'>ne</span> <span class='ocrx_word' id='word_1_180' title='bbox 1469 677 1570 706; x_wconf 87' lang='lat' dir='ltr'>fideles</span> <span class='ocrx_word' id='word_1_181' title='bbox 1580 676 1687 705; x_wconf 67' lang='lat' dir='ltr'>christi</span> <span class='ocrx_word' id='word_1_182' title='bbox 1711 674 1855 705; x_wconf 84' lang='lat' dir='ltr'>ministros</span> <span class='ocrx_word' id='word_1_183' title='bbox 1872 677 1983 708; x_wconf 69' lang='lat' dir='ltr'>temere</span> <span class='ocrx_word' id='word_1_184' title='bbox 1999 678 2120 710; x_wconf 82' lang='lat' dir='ltr'>damne-</span> 
     </span>
     <span class='ocr_line' id='line_1_18' title="bbox 394 719 2122 773; baseline -0.009 -10"><span class='ocrx_word' id='word_1_185' title='bbox 394 743 468 766; x_wconf 82' lang='lat' dir='ltr'>mus:</span> <span class='ocrx_word' id='word_1_186' title='bbox 479 741 604 773; x_wconf 85' lang='lat' dir='ltr'>quotum</span> <span class='ocrx_word' id='word_1_187' title='bbox 617 731 716 771; x_wconf 88' lang='lat' dir='ltr'>potius</span> <span class='ocrx_word' id='word_1_188' title='bbox 725 727 866 758; x_wconf 82' lang='lat' dir='ltr'>laudanda</span> <span class='ocrx_word' id='word_1_189' title='bbox 877 726 915 756; x_wconf 88' lang='lat' dir='ltr'>est</span> <span class='ocrx_word' id='word_1_190' title='bbox 927 722 1146 767; x_wconf 83' lang='lat' dir='ltr'>grauitas‚qubd</span> <span class='ocrx_word' id='word_1_191' title='bbox 1159 733 1218 753; x_wconf 89' lang='lat' dir='ltr'>tam</span> <span class='ocrx_word' id='word_1_192' title='bbox 1228 722 1376 752; x_wconf 86' lang='lat' dir='ltr'>violentos</span> <span class='ocrx_word' id='word_1_193' title='bbox 1387 723 1494 751; x_wconf 77' lang='lat' dir='ltr'>Satanae</span> <span class='ocrx_word' id='word_1_194' title='bbox 1504 730 1632 761; x_wconf 85' lang='lat' dir='ltr'>impetus</span> <span class='ocrx_word' id='word_1_195' title='bbox 1642 719 1766 749; x_wconf 84' lang='lat' dir='ltr'>interriti</span> <span class='ocrx_word' id='word_1_196' title='bbox 1778 720 2122 760; x_wconf 71' lang='lat' dir='ltr'>excipiuitt.deiride,si;c-</span> 
     </span>
     <span class='ocr_line' id='line_1_19' title="bbox 395 761 2117 814; baseline -0.006 -6"><span class='ocrx_word' id='word_1_197' title='bbox 395 787 493 809; x_wconf 90' lang='lat' dir='ltr'>currat</span> <span class='ocrx_word' id='word_1_198' title='bbox 503 775 692 807; x_wconf 79' lang='lat' dir='ltr'>mirabierei</span> <span class='ocrx_word' id='word_1_199' title='bbox 704 771 889 814; x_wconf 84' lang='lat' dir='ltr'>prouidentia</span> <span class='ocrx_word' id='word_1_200' title='bbox 898 769 1063 800; x_wconf 82' lang='lat' dir='ltr'>cohibitum</span> <span class='ocrx_word' id='word_1_201' title='bbox 1075 765 1156 798; x_wconf 78' lang='lat' dir='ltr'>fuisse</span> <span class='ocrx_word' id='word_1_202' title='bbox 1165 768 1298 798; x_wconf 84' lang='lat' dir='ltr'>Satanarn</span> <span class='ocrx_word' id='word_1_203' title='bbox 1309 789 1318 802; x_wconf 88' lang='lat'>‚</span> <span class='ocrx_word' id='word_1_204' title='bbox 1329 777 1364 796; x_wconf 91' lang='lat' dir='ltr'>ne</span> <span class='ocrx_word' id='word_1_205' title='bbox 1373 766 1454 796; x_wconf 84' lang='lat' dir='ltr'>Pauli</span> <span class='ocrx_word' id='word_1_206' title='bbox 1465 761 1830 806; x_wconf 68' lang='lat' dir='ltr'>doctrinam‘peffundaret.</span> <span class='ocrx_word' id='word_1_207' title='bbox 1841 773 1906 794; x_wconf 83' lang='lat' dir='ltr'>nam</span> <span class='ocrx_word' id='word_1_208' title='bbox 1918 764 1935 794; x_wconf 86' lang='lat' dir='ltr'>fi</span> <span class='ocrx_word' id='word_1_209' title='bbox 1950 767 2117 807; x_wconf 81' lang='lat' dir='ltr'>permissum</span> 
     </span>
     <span class='ocr_line' id='line_1_20' title="bbox 398 807 2118 860; baseline -0.007 -7"><span class='ocrx_word' id='word_1_210' title='bbox 398 821 440 852; x_wconf 91' lang='lat' dir='ltr'>illi</span> <span class='ocrx_word' id='word_1_211' title='bbox 451 820 518 852; x_wconf 78' lang='lat' dir='ltr'>esset</span> <span class='ocrx_word' id='word_1_212' title='bbox 530 830 638 851; x_wconf 89' lang='lat' dir='ltr'>nocere</span> <span class='ocrx_word' id='word_1_213' title='bbox 648 827 787 860; x_wconf 87' lang='lat' dir='ltr'>quantum</span> <span class='ocrx_word' id='word_1_214' title='bbox 799 814 1027 850; x_wconf 83' lang='lat' dir='ltr'>volebat,diruta</span> <span class='ocrx_word' id='word_1_215' title='bbox 1039 815 1069 843; x_wconf 83' lang='lat'>&amp;</span> <span class='ocrx_word' id='word_1_216' title='bbox 1078 810 1173 843; x_wconf 84' lang='lat' dir='ltr'>euersa</span> <span class='ocrx_word' id='word_1_217' title='bbox 1183 812 1323 842; x_wconf 72' lang='lat' dir='ltr'>Gentium</span> <span class='ocrx_word' id='word_1_218' title='bbox 1334 810 1404 845; x_wconf 81' lang='lat' dir='ltr'>fide,</span> <span class='ocrx_word' id='word_1_219' title='bbox 1414 808 1585 841; x_wconf 77' lang='lat' dir='ltr'>concidisset</span> <span class='ocrx_word' id='word_1_220' title='bbox 1596 808 1776 850; x_wconf 66' lang='lat' dir='ltr'>predicatum</span> <span class='ocrx_word' id='word_1_221' title='bbox 1787 807 1802 838; x_wconf 73' lang='lat' dir='ltr'>a</span> <span class='ocrx_word' id='word_1_222' title='bbox 1814 809 1903 839; x_wconf 79' lang='lat' dir='ltr'>Paulo</span> <span class='ocrx_word' id='word_1_223' title='bbox 1912 811 2118 853; x_wconf 79' lang='lat' dir='ltr'>Enaiigelium‚</span> 
     </span>
     <span class='ocr_line' id='line_1_21' title="bbox 397 852 2120 898; baseline -0.007 0"><span class='ocrx_word' id='word_1_224' title='bbox 397 878 429 898; x_wconf 89' lang='lat' dir='ltr'>ac</span> <span class='ocrx_word' id='word_1_225' title='bbox 446 867 587 897; x_wconf 83' lang='lat' dir='ltr'>Gentium</span> <span class='ocrx_word' id='word_1_226' title='bbox 604 863 752 896; x_wconf 86' lang='lat' dir='ltr'>vocationi</span> <span class='ocrx_word' id='word_1_227' title='bbox 769 859 862 891; x_wconf 80' lang='lat' dir='ltr'>clausa</span> <span class='ocrx_word' id='word_1_228' title='bbox 882 857 975 890; x_wconf 81' lang='lat' dir='ltr'>suisset</span> <span class='ocrx_word' id='word_1_229' title='bbox 986 859 1079 887; x_wconf 87' lang='lat' dir='ltr'>ianua.</span> <span class='ocrx_word' id='word_1_230' title='bbox 1111 855 1213 890; x_wconf 73' lang='lat' dir='ltr'>Tertio</span> <span class='ocrx_word' id='word_1_231' title='bbox 1224 855 1375 886; x_wconf 78' lang='lat' dir='ltr'>discamus,</span> <span class='ocrx_word' id='word_1_232' title='bbox 1389 854 1500 886; x_wconf 75' lang='lat' dir='ltr'>mature</span> <span class='ocrx_word' id='word_1_233' title='bbox 1512 854 1631 884; x_wconf 82' lang='lat' dir='ltr'>obuiam</span> <span class='ocrx_word' id='word_1_234' title='bbox 1643 853 1771 883; x_wconf 85' lang='lat' dir='ltr'>eundum</span> <span class='ocrx_word' id='word_1_235' title='bbox 1783 852 1839 883; x_wconf 78' lang='lat' dir='ltr'>esse</span> <span class='ocrx_word' id='word_1_236' title='bbox 1850 853 1970 884; x_wconf 80' lang='lat' dir='ltr'>dissidiis</span> <span class='ocrx_word' id='word_1_237' title='bbox 1980 856 2120 896; x_wconf 78' lang='lat' dir='ltr'>quibussi-</span> 
     </span>
     <span class='ocr_line' id='line_1_22' title="bbox 395 896 2120 945; baseline -0.009 -3"><span class='ocrx_word' id='word_1_238' title='bbox 395 910 460 945; x_wconf 87' lang='lat' dir='ltr'>bet,</span> <span class='ocrx_word' id='word_1_239' title='bbox 472 921 508 941; x_wconf 87' lang='lat' dir='ltr'>ne</span> <span class='ocrx_word' id='word_1_240' title='bbox 517 909 545 941; x_wconf 88' lang='lat' dir='ltr'>in</span> <span class='ocrx_word' id='word_1_241' title='bbox 556 908 781 940; x_wconf 82' lang='lat' dir='ltr'>contentionum</span> <span class='ocrx_word' id='word_1_242' title='bbox 791 905 935 936; x_wconf 82' lang='lat' dir='ltr'>flammam</span> <span class='ocrx_word' id='word_1_243' title='bbox 946 911 1107 942; x_wconf 80' lang='lat' dir='ltr'>erumpant:</span> <span class='ocrx_word' id='word_1_244' title='bbox 1117 901 1185 942; x_wconf 85' lang='lat' dir='ltr'>quia</span> <span class='ocrx_word' id='word_1_245' title='bbox 1196 901 1267 931; x_wconf 86' lang='lat' dir='ltr'>nihil</span> <span class='ocrx_word' id='word_1_246' title='bbox 1277 900 1354 944; x_wconf 73' lang='lat' dir='ltr'>aliud</span> <span class='ocrx_word' id='word_1_247' title='bbox 1365 909 1461 941; x_wconf 84' lang='lat' dir='ltr'>captat</span> <span class='ocrx_word' id='word_1_248' title='bbox 1471 900 1556 929; x_wconf 65' lang='lat' dir='ltr'>Satan</span> <span class='ocrx_word' id='word_1_249' title='bbox 1569 896 1773 928; x_wconf 76' lang='lat' dir='ltr'>dissensionum</span> <span class='ocrx_word' id='word_1_250' title='bbox 1785 897 1921 934; x_wconf 83' lang='lat' dir='ltr'>flabellis,</span> <span class='ocrx_word' id='word_1_251' title='bbox 1933 900 2018 940; x_wconf 70' lang='lat' dir='ltr'>quam</span> <span class='ocrx_word' id='word_1_252' title='bbox 2031 910 2060 931; x_wconf 85' lang='lat' dir='ltr'>vt</span> <span class='ocrx_word' id='word_1_253' title='bbox 2072 910 2120 931; x_wconf 78' lang='grc' dir='ltr'>ῑσ.</span> 
     </span>
     <span class='ocr_line' id='line_1_23' title="bbox 390 942 2120 989; baseline -0.009 -2"><span class='ocrx_word' id='word_1_254' title='bbox 390 956 483 987; x_wconf 85' lang='lat' dir='ltr'>tidem</span> <span class='ocrx_word' id='word_1_255' title='bbox 495 953 629 985; x_wconf 88' lang='lat' dir='ltr'>incendia</span> <span class='ocrx_word' id='word_1_256' title='bbox 638 952 754 983; x_wconf 80' lang='lat' dir='ltr'>excitet.</span> <span class='ocrx_word' id='word_1_257' title='bbox 765 948 811 980; x_wconf 90' lang='lat' dir='ltr'>sed</span> <span class='ocrx_word' id='word_1_258' title='bbox 822 947 924 983; x_wconf 86' lang='lat' dir='ltr'>rursus,</span> <span class='ocrx_word' id='word_1_259' title='bbox 935 946 1001 979; x_wconf 72' lang='lat' dir='ltr'>crim</span> <span class='ocrx_word' id='word_1_260' title='bbox 1014 945 1278 989; x_wconf 66' lang='lat' dir='ltr'>videmusprimam</span> <span class='ocrx_word' id='word_1_261' title='bbox 1287 942 1442 975; x_wconf 76' lang='lat' dir='ltr'>Ecclesiam</span> <span class='ocrx_word' id='word_1_262' title='bbox 1451 943 1656 975; x_wconf 67' lang='lat' dir='ltr'>tumultuatum</span> <span class='ocrx_word' id='word_1_263' title='bbox 1671 963 1677 976; x_wconf 82' lang='lat'>‚</span> <span class='ocrx_word' id='word_1_264' title='bbox 1690 945 1719 974; x_wconf 72' lang='grc' dir='ltr'>δι</span> <span class='ocrx_word' id='word_1_265' title='bbox 1731 943 1861 983; x_wconf 87' lang='lat' dir='ltr'>optimos</span> <span class='ocrx_word' id='word_1_266' title='bbox 1871 943 2000 985; x_wconf 83' lang='lat' dir='ltr'>quosque</span> <span class='ocrx_word' id='word_1_267' title='bbox 2009 944 2120 975; x_wconf 74' lang='lat' dir='ltr'>Christi</span> 
     </span>
     <span class='ocr_line' id='line_1_24' title="bbox 388 986 2122 1032; baseline -0.007 -1"><span class='ocrx_word' id='word_1_268' title='bbox 388 1000 535 1032; x_wconf 82' lang='lat' dir='ltr'>ministros</span> <span class='ocrx_word' id='word_1_269' title='bbox 543 997 735 1029; x_wconf 71' lang='lat' dir='ltr'>seditionibus</span> <span class='ocrx_word' id='word_1_270' title='bbox 744 994 886 1025; x_wconf 82' lang='lat' dir='ltr'>exercitos</span> <span class='ocrx_word' id='word_1_271' title='bbox 896 990 989 1027; x_wconf 81' lang='lat' dir='ltr'>fuisse,</span> <span class='ocrx_word' id='word_1_272' title='bbox 1000 990 1019 1021; x_wconf 85' lang='lat' dir='ltr'>si</span> <span class='ocrx_word' id='word_1_273' title='bbox 1032 1001 1109 1021; x_wconf 87' lang='lat' dir='ltr'>nunc</span> <span class='ocrx_word' id='word_1_274' title='bbox 1121 989 1200 1020; x_wconf 88' lang='lat' dir='ltr'>idern</span> <span class='ocrx_word' id='word_1_275' title='bbox 1210 989 1298 1020; x_wconf 87' lang='lat' dir='ltr'>nobis</span> <span class='ocrx_word' id='word_1_276' title='bbox 1307 988 1458 1020; x_wconf 85' lang='lat' dir='ltr'>vsuveniat</span> <span class='ocrx_word' id='word_1_277' title='bbox 1467 1010 1476 1023; x_wconf 92' lang='lat'>‚</span> <span class='ocrx_word' id='word_1_278' title='bbox 1486 998 1522 1018; x_wconf 91' lang='lat' dir='ltr'>ne</span> <span class='ocrx_word' id='word_1_279' title='bbox 1531 987 1711 1030; x_wconf 75' lang='lat' dir='ltr'>trepidemus</span> <span class='ocrx_word' id='word_1_280' title='bbox 1721 986 1798 1028; x_wconf 85' lang='lat' dir='ltr'>quasi</span> <span class='ocrx_word' id='word_1_281' title='bbox 1807 987 1836 1017; x_wconf 90' lang='lat' dir='ltr'>in</span> <span class='ocrx_word' id='word_1_282' title='bbox 1847 997 1876 1018; x_wconf 87' lang='lat' dir='ltr'>te</span> <span class='ocrx_word' id='word_1_283' title='bbox 1893 998 1969 1019; x_wconf 91' lang='lat' dir='ltr'>noua</span> <span class='ocrx_word' id='word_1_284' title='bbox 1981 991 2012 1019; x_wconf 80' lang='grc' dir='ltr'>δι</span> <span class='ocrx_word' id='word_1_285' title='bbox 2022 989 2122 1030; x_wconf 86' lang='lat' dir='ltr'>inopi-</span> 
     </span>
     <span class='ocr_line' id='line_1_25' title="bbox 396 1031 2120 1078; baseline -0.009 -2"><span class='ocrx_word' id='word_1_286' title='bbox 396 1039 474 1076; x_wconf 69' lang='lat' dir='ltr'>nata:</span> <span class='ocrx_word' id='word_1_287' title='bbox 485 1044 531 1074; x_wconf 80' lang='lat' dir='ltr'>sed</span> <span class='ocrx_word' id='word_1_288' title='bbox 542 1044 650 1074; x_wconf 78' lang='lat' dir='ltr'>exitum</span> <span class='ocrx_word' id='word_1_289' title='bbox 663 1041 676 1072; x_wconf 71' lang='lat' dir='ltr'>a</span> <span class='ocrx_word' id='word_1_290' title='bbox 687 1041 819 1071; x_wconf 89' lang='lat' dir='ltr'>Domino</span> <span class='ocrx_word' id='word_1_291' title='bbox 830 1047 964 1078; x_wconf 82' lang='lat' dir='ltr'>petentes</span> <span class='ocrx_word' id='word_1_292' title='bbox 973 1035 1088 1076; x_wconf 86' lang='lat' dir='ltr'>qualem</span> <span class='ocrx_word' id='word_1_293' title='bbox 1101 1045 1173 1065; x_wconf 90' lang='lat' dir='ltr'>tunc</span> <span class='ocrx_word' id='word_1_294' title='bbox 1187 1034 1335 1074; x_wconf 83' lang='lat' dir='ltr'>dedit‚pet</span> <span class='ocrx_word' id='word_1_295' title='bbox 1347 1033 1532 1063; x_wconf 88' lang='lat' dir='ltr'>turbulentos</span> <span class='ocrx_word' id='word_1_296' title='bbox 1541 1042 1637 1063; x_wconf 83' lang='lat' dir='ltr'>metus</span> <span class='ocrx_word' id='word_1_297' title='bbox 1648 1032 1754 1062; x_wconf 87' lang='lat' dir='ltr'>eodem</span> <span class='ocrx_word' id='word_1_298' title='bbox 1764 1031 1833 1062; x_wconf 88' lang='lat' dir='ltr'>fidei</span> <span class='ocrx_word' id='word_1_299' title='bbox 1843 1041 1943 1062; x_wconf 86' lang='lat' dir='ltr'>tenore</span> <span class='ocrx_word' id='word_1_300' title='bbox 1955 1043 2120 1075; x_wconf 64' lang='lat' dir='ltr'>pergarnus.</span> 
     </span>
    </p>

    <p class='ocr_par' dir='ltr' id='par_1_6' title="bbox 435 1073 2123 1122">
     <span class='ocr_line' id='line_1_26' title="bbox 435 1073 2123 1122; baseline -0.006 -3"><span class='ocrx_word' id='word_1_301' title='bbox 435 1092 479 1119; x_wconf 75' lang='grc' dir='ltr'>Νι</span> <span class='ocrx_word' id='word_1_302' title='bbox 496 1099 508 1116; x_wconf 89' lang='lat' dir='ltr'>s</span> <span class='ocrx_word' id='word_1_303' title='bbox 526 1099 537 1117; x_wconf 87' lang='lat'>1</span> <span class='ocrx_word' id='word_1_304' title='bbox 563 1085 881 1122; x_wconf 83' lang='lat' dir='ltr'>circuncidamini.)His</span> <span class='ocrx_word' id='word_1_305' title='bbox 892 1081 991 1111; x_wconf 90' lang='lat' dir='ltr'>verbis</span> <span class='ocrx_word' id='word_1_306' title='bbox 1000 1073 1200 1110; x_wconf 80' lang='lat' dir='ltr'>Lucasstat&#39;um</span> <span class='ocrx_word' id='word_1_307' title='bbox 1221 1077 1384 1120; x_wconf 68' lang='lat' dir='ltr'>quaestionis</span> <span class='ocrx_word' id='word_1_308' title='bbox 1401 1077 1533 1107; x_wconf 77' lang='lat' dir='ltr'>breuiter</span> <span class='ocrx_word' id='word_1_309' title='bbox 1543 1076 1656 1106; x_wconf 85' lang='lat' dir='ltr'>definit.</span> <span class='ocrx_word' id='word_1_310' title='bbox 1673 1087 1779 1117; x_wconf 80' lang='lat' dir='ltr'>nempe</span> <span class='ocrx_word' id='word_1_311' title='bbox 1795 1077 1875 1117; x_wconf 85' lang='lat' dir='ltr'>quod</span> <span class='ocrx_word' id='word_1_312' title='bbox 1894 1076 2068 1117; x_wconf 87' lang='lat' dir='ltr'>impostores</span> <span class='ocrx_word' id='word_1_313' title='bbox 2079 1078 2123 1109; x_wconf 86' lang='lat' dir='ltr'>illi</span> 
     </span>
    </p>

    <p class='ocr_par' dir='ltr' id='par_1_7' title="bbox 389 1119 2131 2899">
     <span class='ocr_line' id='line_1_27' title="bbox 403 1119 2123 1170; baseline -0.006 -7"><span class='ocrx_word' id='word_1_314' title='bbox 403 1132 598 1164; x_wconf 79' lang='lat' dir='ltr'>conscientias</span> <span class='ocrx_word' id='word_1_315' title='bbox 609 1131 790 1170; x_wconf 80' lang='lat' dir='ltr'>obstringere</span> <span class='ocrx_word' id='word_1_316' title='bbox 802 1125 910 1157; x_wconf 84' lang='lat' dir='ltr'>vellent</span> <span class='ocrx_word' id='word_1_317' title='bbox 921 1124 1086 1155; x_wconf 71' lang='lat' dir='ltr'>necessitate</span> <span class='ocrx_word' id='word_1_318' title='bbox 1095 1122 1236 1153; x_wconf 77' lang='lat' dir='ltr'>seruandae</span> <span class='ocrx_word' id='word_1_319' title='bbox 1246 1126 1341 1164; x_wconf 82' lang='lat' dir='ltr'>Legis.</span> <span class='ocrx_word' id='word_1_320' title='bbox 1366 1122 1432 1152; x_wconf 86' lang='lat' dir='ltr'>Sola</span> <span class='ocrx_word' id='word_1_321' title='bbox 1442 1120 1560 1162; x_wconf 83' lang='lat' dir='ltr'>quidem</span> <span class='ocrx_word' id='word_1_322' title='bbox 1571 1119 1752 1151; x_wconf 82' lang='lat' dir='ltr'>Circuncisio</span> <span class='ocrx_word' id='word_1_323' title='bbox 1764 1119 1810 1150; x_wconf 78' lang='lat' dir='ltr'>bic</span> <span class='ocrx_word' id='word_1_324' title='bbox 1829 1122 1998 1152; x_wconf 86' lang='lat' dir='ltr'>nominatur</span> <span class='ocrx_word' id='word_1_325' title='bbox 2010 1121 2074 1152; x_wconf 82' lang='lat' dir='ltr'>:sed</span> <span class='ocrx_word' id='word_1_326' title='bbox 2088 1132 2123 1153; x_wconf 85' lang='lat' dir='ltr'>ex</span> 
     </span>
     <span class='ocr_line' id='line_1_28' title="bbox 398 1164 2121 1215; baseline -0.003 -12"><span class='ocrx_word' id='word_1_327' title='bbox 398 1186 537 1209; x_wconf 76' lang='lat' dir='ltr'>comexm</span> <span class='ocrx_word' id='word_1_328' title='bbox 549 1174 632 1206; x_wconf 61' lang='lat' dir='ltr'>facile</span> <span class='ocrx_word' id='word_1_329' title='bbox 641 1184 732 1215; x_wconf 83' lang='lat' dir='ltr'>patet,</span> <span class='ocrx_word' id='word_1_330' title='bbox 742 1181 793 1201; x_wconf 90' lang='lat' dir='ltr'>eos</span> <span class='ocrx_word' id='word_1_331' title='bbox 803 1171 837 1201; x_wconf 89' lang='lat' dir='ltr'>de</span> <span class='ocrx_word' id='word_1_332' title='bbox 847 1181 909 1201; x_wconf 84' lang='lat' dir='ltr'>tota</span> <span class='ocrx_word' id='word_1_333' title='bbox 916 1173 994 1211; x_wconf 85' lang='lat' dir='ltr'>Lege</span> <span class='ocrx_word' id='word_1_334' title='bbox 1001 1167 1139 1198; x_wconf 81' lang='lat' dir='ltr'>se&#39;ruanda</span> <span class='ocrx_word' id='word_1_335' title='bbox 1159 1165 1280 1198; x_wconf 80' lang='lat' dir='ltr'>mouisse</span> <span class='ocrx_word' id='word_1_336' title='bbox 1292 1165 1530 1197; x_wconf 82' lang='lat' dir='ltr'>controuersiam.</span> <span class='ocrx_word' id='word_1_337' title='bbox 1548 1164 1681 1195; x_wconf 75' lang='lat' dir='ltr'>caetetdm</span> <span class='ocrx_word' id='word_1_338' title='bbox 1699 1166 1767 1205; x_wconf 82' lang='lat' dir='ltr'>quia</span> <span class='ocrx_word' id='word_1_339' title='bbox 1781 1164 1965 1195; x_wconf 77' lang='lat' dir='ltr'>circuncisio</span> <span class='ocrx_word' id='word_1_340' title='bbox 1981 1167 2064 1197; x_wconf 84' lang='lat' dir='ltr'>velut</span> <span class='ocrx_word' id='word_1_341' title='bbox 2076 1167 2121 1197; x_wconf 83' lang='lat' dir='ltr'>so-</span> 
     </span>
     <span class='ocr_line' id='line_1_29' title="bbox 399 1207 2122 1255; baseline -0.006 -2"><span class='ocrx_word' id='word_1_342' title='bbox 399 1222 496 1254; x_wconf 87' lang='lat' dir='ltr'>lennis</span> <span class='ocrx_word' id='word_1_343' title='bbox 505 1230 564 1250; x_wconf 86' lang='lat' dir='ltr'>erat</span> <span class='ocrx_word' id='word_1_344' title='bbox 573 1219 701 1250; x_wconf 88' lang='lat' dir='ltr'>initiatio</span> <span class='ocrx_word' id='word_1_345' title='bbox 710 1218 738 1247; x_wconf 89' lang='lat' dir='ltr'>in</span> <span class='ocrx_word' id='word_1_346' title='bbox 750 1216 823 1246; x_wconf 85' lang='lat' dir='ltr'>alios</span> <span class='ocrx_word' id='word_1_347' title='bbox 831 1225 934 1245; x_wconf 73' lang='lat' dir='ltr'>omnes</span> <span class='ocrx_word' id='word_1_348' title='bbox 943 1214 1028 1255; x_wconf 79' lang='lat' dir='ltr'>Legis</span> <span class='ocrx_word' id='word_1_349' title='bbox 1036 1213 1117 1245; x_wconf 85' lang='lat' dir='ltr'>ritus,</span> <span class='ocrx_word' id='word_1_350' title='bbox 1129 1211 1197 1242; x_wconf 88' lang='lat' dir='ltr'>ideo</span> <span class='ocrx_word' id='word_1_351' title='bbox 1206 1222 1256 1251; x_wconf 89' lang='lat' dir='ltr'>per</span> <span class='ocrx_word' id='word_1_352' title='bbox 1268 1210 1480 1251; x_wconf 83' lang='lat' dir='ltr'>Synecdochen</span> <span class='ocrx_word' id='word_1_353' title='bbox 1493 1219 1554 1240; x_wconf 83' lang='lat' dir='ltr'>tota</span> <span class='ocrx_word' id='word_1_354' title='bbox 1564 1212 1621 1239; x_wconf 79' lang='lat' dir='ltr'>Lex</span> <span class='ocrx_word' id='word_1_355' title='bbox 1633 1207 1681 1238; x_wconf 87' lang='lat' dir='ltr'>sub</span> <span class='ocrx_word' id='word_1_356' title='bbox 1691 1219 1745 1238; x_wconf 82' lang='lat' dir='ltr'>vna</span> <span class='ocrx_word' id='word_1_357' title='bbox 1757 1219 1836 1249; x_wconf 84' lang='lat' dir='ltr'>parte</span> <span class='ocrx_word' id='word_1_358' title='bbox 1847 1209 2122 1250; x_wconf 79' lang='lat' dir='ltr'>comprehenditur.</span> 
     </span>
     <span class='ocr_line' id='line_1_30' title="bbox 400 1252 2121 1305; baseline -0.007 -9"><span class='ocrx_word' id='word_1_359' title='bbox 400 1270 470 1298; x_wconf 92' lang='lat' dir='ltr'>Non</span> <span class='ocrx_word' id='word_1_360' title='bbox 481 1264 626 1305; x_wconf 76' lang='lat' dir='ltr'>negabant</span> <span class='ocrx_word' id='word_1_361' title='bbox 637 1263 680 1293; x_wconf 85' lang='lat' dir='ltr'>isti</span> <span class='ocrx_word' id='word_1_362' title='bbox 689 1261 773 1293; x_wconf 81' lang='lat' dir='ltr'>Pauli</span> <span class='ocrx_word' id='word_1_363' title='bbox 783 1260 877 1290; x_wconf 81' lang='lat' dir='ltr'>hostes</span> <span class='ocrx_word' id='word_1_364' title='bbox 889 1281 896 1293; x_wconf 82' lang='lat'>‚</span> <span class='ocrx_word' id='word_1_365' title='bbox 907 1258 1054 1289; x_wconf 82' lang='lat' dir='ltr'>Christum</span> <span class='ocrx_word' id='word_1_366' title='bbox 1065 1255 1120 1287; x_wconf 84' lang='lat' dir='ltr'>effe</span> <span class='ocrx_word' id='word_1_367' title='bbox 1129 1256 1256 1287; x_wconf 85' lang='lat' dir='ltr'>Meffiam</span> <span class='ocrx_word' id='word_1_368' title='bbox 1267 1267 1274 1286; x_wconf 74' lang='grc' dir='ltr'><strong>ε</strong></span> <span class='ocrx_word' id='word_1_369' title='bbox 1285 1253 1405 1286; x_wconf 76' lang='lat' dir='ltr'>sedtum</span> <span class='ocrx_word' id='word_1_370' title='bbox 1415 1254 1458 1284; x_wconf 90' lang='lat' dir='ltr'>illi</span> <span class='ocrx_word' id='word_1_371' title='bbox 1470 1264 1581 1284; x_wconf 84' lang='lat' dir='ltr'>nomen</span> <span class='ocrx_word' id='word_1_372' title='bbox 1600 1255 1700 1284; x_wconf 87' lang='lat' dir='ltr'>darent</span> <span class='ocrx_word' id='word_1_373' title='bbox 1713 1275 1721 1287; x_wconf 88' lang='lat'>,</span> <span class='ocrx_word' id='word_1_374' title='bbox 1730 1252 1812 1283; x_wconf 83' lang='lat' dir='ltr'>simul</span> <span class='ocrx_word' id='word_1_375' title='bbox 1828 1255 1994 1285; x_wconf 69' lang='lat' dir='ltr'>retinebant</span> <span class='ocrx_word' id='word_1_376' title='bbox 2004 1266 2121 1287; x_wconf 85' lang='lat' dir='ltr'>veteres</span> 
     </span>
     <span class='ocr_line' id='line_1_31' title="bbox 397 1298 2121 1352; baseline -0.005 -12"><span class='ocrx_word' id='word_1_377' title='bbox 397 1312 484 1352; x_wconf 81' lang='lat' dir='ltr'>Legis</span> <span class='ocrx_word' id='word_1_378' title='bbox 492 1317 686 1339; x_wconf 80' lang='lat' dir='ltr'>caeremonias.</span> <span class='ocrx_word' id='word_1_379' title='bbox 707 1307 803 1337; x_wconf 85' lang='lat' dir='ltr'>Prima</span> <span class='ocrx_word' id='word_1_380' title='bbox 812 1303 905 1344; x_wconf 77' lang='lat' dir='ltr'>specie</span> <span class='ocrx_word' id='word_1_381' title='bbox 919 1303 1010 1333; x_wconf 84' lang='lat' dir='ltr'>videri</span> <span class='ocrx_word' id='word_1_382' title='bbox 1022 1311 1135 1342; x_wconf 81' lang='lat' dir='ltr'>poterat</span> <span class='ocrx_word' id='word_1_383' title='bbox 1145 1310 1225 1331; x_wconf 91' lang='lat' dir='ltr'>error</span> <span class='ocrx_word' id='word_1_384' title='bbox 1235 1299 1409 1330; x_wconf 84' lang='lat' dir='ltr'>tolerabilis.</span> <span class='ocrx_word' id='word_1_385' title='bbox 1434 1301 1494 1329; x_wconf 91' lang='lat' dir='ltr'>Cur</span> <span class='ocrx_word' id='word_1_386' title='bbox 1504 1309 1575 1339; x_wconf 85' lang='lat' dir='ltr'>ergo</span> <span class='ocrx_word' id='word_1_387' title='bbox 1586 1309 1645 1328; x_wconf 88' lang='lat' dir='ltr'>non</span> <span class='ocrx_word' id='word_1_388' title='bbox 1658 1298 1811 1328; x_wconf 79' lang='lat' dir='ltr'>dissimulat</span> <span class='ocrx_word' id='word_1_389' title='bbox 1829 1299 1935 1329; x_wconf 79' lang='lat' dir='ltr'>Paulus</span> <span class='ocrx_word' id='word_1_390' title='bbox 1944 1320 1953 1333; x_wconf 87' lang='lat'>,</span> <span class='ocrx_word' id='word_1_391' title='bbox 1964 1299 2065 1330; x_wconf 86' lang='lat' dir='ltr'>saltem</span> <span class='ocrx_word' id='word_1_392' title='bbox 2083 1300 2121 1331; x_wconf 85' lang='lat' dir='ltr'>ad</span> 
     </span>
     <span class='ocr_line' id='line_1_32' title="bbox 396 1341 2120 1395; baseline -0.01 -10"><span class='ocrx_word' id='word_1_393' title='bbox 396 1356 535 1395; x_wconf 82' lang='lat' dir='ltr'>exiguum</span> <span class='ocrx_word' id='word_1_394' title='bbox 546 1362 674 1393; x_wconf 81' lang='lat' dir='ltr'>tempus,</span> <span class='ocrx_word' id='word_1_395' title='bbox 685 1361 720 1381; x_wconf 88' lang='lat' dir='ltr'>ne</span> <span class='ocrx_word' id='word_1_396' title='bbox 730 1349 867 1381; x_wconf 67' lang='lat' dir='ltr'>conflictu</span> <span class='ocrx_word' id='word_1_397' title='bbox 876 1346 1030 1379; x_wconf 77' lang='lat' dir='ltr'>Ecclesiam</span> <span class='ocrx_word' id='word_1_398' title='bbox 1041 1343 1226 1387; x_wconf 85' lang='lat' dir='ltr'>quatefaciat?</span> <span class='ocrx_word' id='word_1_399' title='bbox 1236 1344 1272 1374; x_wconf 91' lang='lat' dir='ltr'>de</span> <span class='ocrx_word' id='word_1_400' title='bbox 1283 1346 1371 1374; x_wconf 86' lang='lat' dir='ltr'>rebus</span> <span class='ocrx_word' id='word_1_401' title='bbox 1387 1344 1464 1373; x_wconf 88' lang='lat' dir='ltr'>enim</span> <span class='ocrx_word' id='word_1_402' title='bbox 1485 1343 1612 1373; x_wconf 83' lang='lat' dir='ltr'>externis</span> <span class='ocrx_word' id='word_1_403' title='bbox 1623 1353 1684 1373; x_wconf 85' lang='lat' dir='ltr'>erat</span> <span class='ocrx_word' id='word_1_404' title='bbox 1701 1341 1873 1383; x_wconf 78' lang='lat' dir='ltr'>disceptatio</span> <span class='ocrx_word' id='word_1_405' title='bbox 1883 1365 1890 1377; x_wconf 90' lang='lat'>,</span> <span class='ocrx_word' id='word_1_406' title='bbox 1901 1342 1937 1372; x_wconf 88' lang='lat' dir='ltr'>de</span> <span class='ocrx_word' id='word_1_407' title='bbox 1958 1343 2066 1384; x_wconf 84' lang='lat' dir='ltr'>quibus</span> <span class='ocrx_word' id='word_1_408' title='bbox 2077 1344 2120 1375; x_wconf 85' lang='lat' dir='ltr'>ni.</span> 
     </span>
     <span class='ocr_line' id='line_1_33' title="bbox 394 1386 2122 1438; baseline -0.009 -9"><span class='ocrx_word' id='word_1_409' title='bbox 394 1399 450 1429; x_wconf 81' lang='lat' dir='ltr'>mis</span> <span class='ocrx_word' id='word_1_410' title='bbox 461 1398 564 1429; x_wconf 86' lang='lat' dir='ltr'>acriter</span> <span class='ocrx_word' id='word_1_411' title='bbox 573 1397 688 1438; x_wconf 80' lang='lat' dir='ltr'>litigare</span> <span class='ocrx_word' id='word_1_412' title='bbox 696 1395 802 1425; x_wconf 77' lang='lat' dir='ltr'>Paulus</span> <span class='ocrx_word' id='word_1_413' title='bbox 813 1392 868 1434; x_wconf 87' lang='lat' dir='ltr'>ipse</span> <span class='ocrx_word' id='word_1_414' title='bbox 878 1393 947 1423; x_wconf 78' lang='lat' dir='ltr'>alibi</span> <span class='ocrx_word' id='word_1_415' title='bbox 961 1401 1050 1421; x_wconf 79' lang='lat' dir='ltr'>vetat.</span> <span class='ocrx_word' id='word_1_416' title='bbox 1075 1388 1181 1420; x_wconf 75' lang='lat' dir='ltr'>Verum</span> <span class='ocrx_word' id='word_1_417' title='bbox 1189 1399 1249 1420; x_wconf 87' lang='lat' dir='ltr'>tres</span> <span class='ocrx_word' id='word_1_418' title='bbox 1260 1388 1376 1419; x_wconf 80' lang='lat' dir='ltr'>suerunt</span> <span class='ocrx_word' id='word_1_419' title='bbox 1388 1397 1491 1430; x_wconf 76' lang='lat' dir='ltr'>graues</span> <span class='ocrx_word' id='word_1_420' title='bbox 1502 1386 1596 1420; x_wconf 50' lang='lat' dir='ltr'>causas</span> <span class='ocrx_word' id='word_1_421' title='bbox 1608 1398 1669 1428; x_wconf 81' lang='lat' dir='ltr'>quae</span> <span class='ocrx_word' id='word_1_422' title='bbox 1679 1398 1745 1416; x_wconf 85' lang='lat' dir='ltr'>etim</span> <span class='ocrx_word' id='word_1_423' title='bbox 1757 1390 1791 1418; x_wconf 84' lang='lat' dir='ltr'>ad</span> <span class='ocrx_word' id='word_1_424' title='bbox 1802 1387 2019 1418; x_wconf 82' lang='lat' dir='ltr'>reclamandum</span> <span class='ocrx_word' id='word_1_425' title='bbox 2032 1400 2122 1431; x_wconf 81' lang='lat' dir='ltr'>coge-</span> 
     </span>
     <span class='ocr_line' id='line_1_34' title="bbox 391 1429 2120 1479; baseline -0.007 -5"><span class='ocrx_word' id='word_1_426' title='bbox 391 1453 467 1474; x_wconf 86' lang='lat' dir='ltr'>rent.</span> <span class='ocrx_word' id='word_1_427' title='bbox 489 1445 564 1472; x_wconf 85' lang='lat' dir='ltr'>Nam</span> <span class='ocrx_word' id='word_1_428' title='bbox 578 1440 597 1471; x_wconf 82' lang='lat' dir='ltr'>si</span> <span class='ocrx_word' id='word_1_429' title='bbox 608 1438 760 1472; x_wconf 82' lang='lat' dir='ltr'>necessaria</span> <span class='ocrx_word' id='word_1_430' title='bbox 770 1438 809 1469; x_wconf 85' lang='lat' dir='ltr'>est</span> <span class='ocrx_word' id='word_1_431' title='bbox 821 1439 905 1479; x_wconf 65' lang='lat' dir='ltr'>Legis</span> <span class='ocrx_word' id='word_1_432' title='bbox 917 1435 1083 1466; x_wconf 71' lang='lat' dir='ltr'>obseruatio</span> <span class='ocrx_word' id='word_1_433' title='bbox 1096 1456 1103 1469; x_wconf 85' lang='lat'>‚</span> <span class='ocrx_word' id='word_1_434' title='bbox 1115 1434 1256 1475; x_wconf 80' lang='lat' dir='ltr'>operibus</span> <span class='ocrx_word' id='word_1_435' title='bbox 1265 1434 1399 1475; x_wconf 76' lang='lat' dir='ltr'>alligatur</span> <span class='ocrx_word' id='word_1_436' title='bbox 1416 1433 1487 1462; x_wconf 80' lang='lat' dir='ltr'>lalus</span> <span class='ocrx_word' id='word_1_437' title='bbox 1504 1432 1656 1462; x_wconf 87' lang='lat' dir='ltr'>hominum</span> <span class='ocrx_word' id='word_1_438' title='bbox 1668 1451 1677 1464; x_wconf 91' lang='lat'>,</span> <span class='ocrx_word' id='word_1_439' title='bbox 1687 1442 1772 1473; x_wconf 88' lang='lat' dir='ltr'>quam</span> <span class='ocrx_word' id='word_1_440' title='bbox 1793 1443 1820 1461; x_wconf 84' lang='lat' dir='ltr'>in</span> <span class='ocrx_word' id='word_1_441' title='bbox 1832 1429 1887 1462; x_wconf 81' lang='lat' dir='ltr'>sola</span> <span class='ocrx_word' id='word_1_442' title='bbox 1900 1432 2005 1463; x_wconf 88' lang='lat' dir='ltr'>Christi</span> <span class='ocrx_word' id='word_1_443' title='bbox 2026 1444 2120 1475; x_wconf 80' lang='lat' dir='ltr'>gratia</span> 
     </span>
     <span class='ocr_line' id='line_1_35' title="bbox 391 1476 2124 1525; baseline -0.005 -7"><span class='ocrx_word' id='word_1_444' title='bbox 391 1485 542 1518; x_wconf 76' lang='lat' dir='ltr'>fundatam</span> <span class='ocrx_word' id='word_1_445' title='bbox 555 1484 620 1520; x_wconf 77' lang='lat' dir='ltr'>effe,</span> <span class='ocrx_word' id='word_1_446' title='bbox 631 1496 663 1517; x_wconf 93' lang='lat' dir='ltr'>vt</span> <span class='ocrx_word' id='word_1_447' title='bbox 673 1483 825 1525; x_wconf 88' lang='lat' dir='ltr'>tranquilla</span> <span class='ocrx_word' id='word_1_448' title='bbox 839 1485 869 1514; x_wconf 71' lang='grc' dir='ltr'>δε</span> <span class='ocrx_word' id='word_1_449' title='bbox 880 1482 982 1523; x_wconf 79' lang='lat' dir='ltr'>quieta</span> <span class='ocrx_word' id='word_1_450' title='bbox 993 1478 1026 1511; x_wconf 82' lang='lat' dir='ltr'>sit</span> <span class='ocrx_word' id='word_1_451' title='bbox 1036 1478 1118 1512; x_wconf 82' lang='lat' dir='ltr'>fides,</span> <span class='ocrx_word' id='word_1_452' title='bbox 1129 1488 1257 1520; x_wconf 87' lang='lat' dir='ltr'>oportet.</span> <span class='ocrx_word' id='word_1_453' title='bbox 1270 1477 1346 1509; x_wconf 73' lang='lat' dir='ltr'>Cum</span> <span class='ocrx_word' id='word_1_454' title='bbox 1359 1488 1429 1518; x_wconf 85' lang='lat' dir='ltr'>ergo</span> <span class='ocrx_word' id='word_1_455' title='bbox 1441 1476 1556 1508; x_wconf 86' lang='lat' dir='ltr'>videret</span> <span class='ocrx_word' id='word_1_456' title='bbox 1572 1477 1678 1506; x_wconf 81' lang='lat' dir='ltr'>Paulus</span> <span class='ocrx_word' id='word_1_457' title='bbox 1697 1476 1824 1517; x_wconf 76' lang='lat' dir='ltr'>gratuitae</span> <span class='ocrx_word' id='word_1_458' title='bbox 1841 1476 1909 1507; x_wconf 82' lang='lat' dir='ltr'>fidei</span> <span class='ocrx_word' id='word_1_459' title='bbox 1922 1478 2033 1508; x_wconf 73' lang='lat' dir='ltr'>iustitiae</span> <span class='ocrx_word' id='word_1_460' title='bbox 2043 1479 2124 1520; x_wconf 78' lang='lat' dir='ltr'>lega-</span> 
     </span>
     <span class='ocr_line' id='line_1_36' title="bbox 390 1519 2122 1571; baseline -0.006 -8"><span class='ocrx_word' id='word_1_461' title='bbox 390 1531 450 1562; x_wconf 86' lang='lat' dir='ltr'>lem</span> <span class='ocrx_word' id='word_1_462' title='bbox 462 1532 573 1562; x_wconf 88' lang='lat' dir='ltr'>cultum</span> <span class='ocrx_word' id='word_1_463' title='bbox 582 1531 709 1571; x_wconf 89' lang='lat' dir='ltr'>opponi,</span> <span class='ocrx_word' id='word_1_464' title='bbox 721 1528 801 1559; x_wconf 84' lang='lat' dir='ltr'>silere</span> <span class='ocrx_word' id='word_1_465' title='bbox 811 1526 851 1558; x_wconf 86' lang='lat' dir='ltr'>fas</span> <span class='ocrx_word' id='word_1_466' title='bbox 861 1537 919 1557; x_wconf 82' lang='lat' dir='ltr'>non</span> <span class='ocrx_word' id='word_1_467' title='bbox 932 1535 1002 1560; x_wconf 78' lang='lat' dir='ltr'>erat,</span> <span class='ocrx_word' id='word_1_468' title='bbox 1013 1522 1064 1554; x_wconf 79' lang='lat' dir='ltr'>nist</span> <span class='ocrx_word' id='word_1_469' title='bbox 1074 1523 1161 1555; x_wconf 88' lang='lat' dir='ltr'>vellet</span> <span class='ocrx_word' id='word_1_470' title='bbox 1173 1522 1319 1553; x_wconf 87' lang='lat' dir='ltr'>Christum</span> <span class='ocrx_word' id='word_1_471' title='bbox 1332 1523 1465 1562; x_wconf 86' lang='lat' dir='ltr'>prodere·</span> <span class='ocrx_word' id='word_1_472' title='bbox 1478 1532 1543 1551; x_wconf 89' lang='lat' dir='ltr'>nam</span> <span class='ocrx_word' id='word_1_473' title='bbox 1554 1519 1620 1550; x_wconf 78' lang='lat' dir='ltr'>crim</span> <span class='ocrx_word' id='word_1_474' title='bbox 1633 1519 1783 1551; x_wconf 86' lang='lat' dir='ltr'>aduersarii</span> <span class='ocrx_word' id='word_1_475' title='bbox 1795 1531 1948 1563; x_wconf 84' lang='lat' dir='ltr'>negarent,</span> <span class='ocrx_word' id='word_1_476' title='bbox 1959 1521 2065 1554; x_wconf 76' lang='lat' dir='ltr'>saluum</span> <span class='ocrx_word' id='word_1_477' title='bbox 2075 1524 2122 1553; x_wconf 87' lang='lat' dir='ltr'>fo-</span> 
     </span>
     <span class='ocr_line' id='line_1_37' title="bbox 389 1565 2121 1618; baseline -0.008 -12"><span class='ocrx_word' id='word_1_478' title='bbox 389 1587 422 1608; x_wconf 83' lang='lat' dir='ltr'>re</span> <span class='ocrx_word' id='word_1_479' title='bbox 432 1586 613 1618; x_wconf 80' lang='lat' dir='ltr'>quenquam,</span> <span class='ocrx_word' id='word_1_480' title='bbox 623 1573 672 1604; x_wconf 83' lang='lat' dir='ltr'>nisi</span> <span class='ocrx_word' id='word_1_481' title='bbox 685 1575 733 1615; x_wconf 82' lang='lat' dir='ltr'>qui</span> <span class='ocrx_word' id='word_1_482' title='bbox 748 1576 857 1614; x_wconf 81' lang='lat' dir='ltr'>Legem</span> <span class='ocrx_word' id='word_1_483' title='bbox 869 1569 954 1601; x_wconf 86' lang='lat' dir='ltr'>Mosis</span> <span class='ocrx_word' id='word_1_484' title='bbox 965 1569 1098 1601; x_wconf 80' lang='lat' dir='ltr'>seruaret,</span> <span class='ocrx_word' id='word_1_485' title='bbox 1109 1568 1167 1598; x_wconf 87' lang='lat' dir='ltr'>hoc</span> <span class='ocrx_word' id='word_1_486' title='bbox 1179 1567 1271 1597; x_wconf 80' lang='lat' dir='ltr'>modo</span> <span class='ocrx_word' id='word_1_487' title='bbox 1282 1567 1376 1596; x_wconf 79' lang='lat' dir='ltr'>salutis</span> <span class='ocrx_word' id='word_1_488' title='bbox 1390 1565 1513 1606; x_wconf 82' lang='lat' dir='ltr'>gloriam</span> <span class='ocrx_word' id='word_1_489' title='bbox 1525 1565 1644 1594; x_wconf 86' lang='lat' dir='ltr'>Christo</span> <span class='ocrx_word' id='word_1_490' title='bbox 1662 1575 1792 1604; x_wconf 79' lang='lat' dir='ltr'>ereptam</span> <span class='ocrx_word' id='word_1_491' title='bbox 1811 1567 1845 1596; x_wconf 89' lang='lat' dir='ltr'>ad</span> <span class='ocrx_word' id='word_1_492' title='bbox 1855 1576 1944 1606; x_wconf 84' lang='lat' dir='ltr'>opera</span> <span class='ocrx_word' id='word_1_493' title='bbox 1965 1566 2121 1598; x_wconf 66' lang='lat' dir='ltr'>transfere.</span> 
     </span>
     <span class='ocr_line' id='line_1_38' title="bbox 394 1607 2121 1654; baseline -0.006 -4"><span class='ocrx_word' id='word_1_494' title='bbox 394 1621 478 1654; x_wconf 85' lang='lat' dir='ltr'>bant,</span> <span class='ocrx_word' id='word_1_495' title='bbox 488 1623 518 1651; x_wconf 72' lang='grc' dir='ltr'>δε</span> <span class='ocrx_word' id='word_1_496' title='bbox 530 1617 662 1650; x_wconf 83' lang='lat' dir='ltr'>concussa</span> <span class='ocrx_word' id='word_1_497' title='bbox 673 1618 780 1648; x_wconf 76' lang='lat' dir='ltr'>fidncia</span> <span class='ocrx_word' id='word_1_498' title='bbox 791 1614 904 1646; x_wconf 87' lang='lat' dir='ltr'>miseras</span> <span class='ocrx_word' id='word_1_499' title='bbox 915 1614 1023 1644; x_wconf 84' lang='lat' dir='ltr'>animas</span> <span class='ocrx_word' id='word_1_500' title='bbox 1035 1612 1240 1652; x_wconf 86' lang='lat' dir='ltr'>inquietudine</span> <span class='ocrx_word' id='word_1_501' title='bbox 1251 1610 1403 1641; x_wconf 88' lang='lat' dir='ltr'>vexabant.</span> <span class='ocrx_word' id='word_1_502' title='bbox 1426 1607 1533 1639; x_wconf 80' lang='lat' dir='ltr'>deinde</span> <span class='ocrx_word' id='word_1_503' title='bbox 1545 1619 1603 1638; x_wconf 88' lang='lat' dir='ltr'>non</span> <span class='ocrx_word' id='word_1_504' title='bbox 1621 1617 1680 1638; x_wconf 82' lang='lat' dir='ltr'>erat</span> <span class='ocrx_word' id='word_1_505' title='bbox 1702 1619 1746 1638; x_wconf 83' lang='lat' dir='ltr'>res</span> <span class='ocrx_word' id='word_1_506' title='bbox 1762 1610 1841 1648; x_wconf 87' lang='lat' dir='ltr'>parui</span> <span class='ocrx_word' id='word_1_507' title='bbox 1853 1611 2008 1643; x_wconf 83' lang='lat' dir='ltr'>momenti,</span> <span class='ocrx_word' id='word_1_508' title='bbox 2018 1609 2121 1652; x_wconf 81' lang='lat' dir='ltr'>spolia-</span> 
     </span>
     <span class='ocr_line' id='line_1_39' title="bbox 396 1651 2118 1701; baseline -0.006 -6"><span class='ocrx_word' id='word_1_509' title='bbox 396 1676 427 1695; x_wconf 84' lang='lat' dir='ltr'>re</span> <span class='ocrx_word' id='word_1_510' title='bbox 437 1664 538 1694; x_wconf 88' lang='lat' dir='ltr'>fideles</span> <span class='ocrx_word' id='word_1_511' title='bbox 547 1663 800 1694; x_wconf 84' lang='lat' dir='ltr'>animaslibettate</span> <span class='ocrx_word' id='word_1_512' title='bbox 810 1670 860 1701; x_wconf 88' lang='lat' dir='ltr'>pei·</span> <span class='ocrx_word' id='word_1_513' title='bbox 868 1658 976 1689; x_wconf 72' lang='lat' dir='ltr'>christi</span> <span class='ocrx_word' id='word_1_514' title='bbox 988 1656 1154 1698; x_wconf 75' lang='lat' dir='ltr'>sanguinem</span> <span class='ocrx_word' id='word_1_515' title='bbox 1165 1664 1254 1695; x_wconf 85' lang='lat' dir='ltr'>parta.</span> <span class='ocrx_word' id='word_1_516' title='bbox 1288 1651 1412 1684; x_wconf 82' lang='lat' dir='ltr'>Tametsi</span> <span class='ocrx_word' id='word_1_517' title='bbox 1423 1653 1543 1683; x_wconf 89' lang='lat' dir='ltr'>interior</span> <span class='ocrx_word' id='word_1_518' title='bbox 1554 1653 1678 1694; x_wconf 72' lang='lat' dir='ltr'>Spiritus</span> <span class='ocrx_word' id='word_1_519' title='bbox 1689 1651 1808 1683; x_wconf 85' lang='lat' dir='ltr'>libertas</span> <span class='ocrx_word' id='word_1_520' title='bbox 1818 1654 1954 1684; x_wconf 82' lang='lat' dir='ltr'>Patribus</span> <span class='ocrx_word' id='word_1_521' title='bbox 1965 1654 2118 1685; x_wconf 86' lang='lat' dir='ltr'>nobiscum</span> 
     </span>
     <span class='ocr_line' id='line_1_40' title="bbox 397 1692 2118 1742; baseline -0.008 -4"><span class='ocrx_word' id='word_1_522' title='bbox 397 1707 453 1738; x_wconf 89' lang='lat' dir='ltr'>fuit</span> <span class='ocrx_word' id='word_1_523' title='bbox 465 1709 642 1742; x_wconf 85' lang='lat' dir='ltr'>communis,</span> <span class='ocrx_word' id='word_1_524' title='bbox 652 1706 756 1736; x_wconf 84' lang='lat' dir='ltr'>scimus</span> <span class='ocrx_word' id='word_1_525' title='bbox 767 1713 866 1737; x_wconf 80' lang='lat' dir='ltr'>tamen</span> <span class='ocrx_word' id='word_1_526' title='bbox 876 1702 947 1742; x_wconf 82' lang='lat' dir='ltr'>quid</span> <span class='ocrx_word' id='word_1_527' title='bbox 955 1702 1061 1732; x_wconf 85' lang='lat' dir='ltr'>Paulus</span> <span class='ocrx_word' id='word_1_528' title='bbox 1072 1700 1160 1732; x_wconf 84' lang='lat' dir='ltr'>dicat,</span> <span class='ocrx_word' id='word_1_529' title='bbox 1171 1709 1277 1738; x_wconf 87' lang='lat' dir='ltr'>nempe</span> <span class='ocrx_word' id='word_1_530' title='bbox 1287 1697 1410 1728; x_wconf 82' lang='lat' dir='ltr'>inclusos</span> <span class='ocrx_word' id='word_1_531' title='bbox 1420 1695 1499 1727; x_wconf 83' lang='lat' dir='ltr'>fuisse</span> <span class='ocrx_word' id='word_1_532' title='bbox 1511 1695 1560 1726; x_wconf 89' lang='lat' dir='ltr'>sub</span> <span class='ocrx_word' id='word_1_533' title='bbox 1581 1692 1684 1737; x_wconf 69' lang='lat' dir='ltr'>pue&#39;iili</span> <span class='ocrx_word' id='word_1_534' title='bbox 1704 1699 1788 1737; x_wconf 77' lang='lat' dir='ltr'>Legis</span> <span class='ocrx_word' id='word_1_535' title='bbox 1797 1697 1928 1727; x_wconf 83' lang='lat' dir='ltr'>custodia</span> <span class='ocrx_word' id='word_1_536' title='bbox 1938 1708 1988 1732; x_wconf 81' lang='lat' dir='ltr'>‚vt</span> <span class='ocrx_word' id='word_1_537' title='bbox 2000 1698 2016 1729; x_wconf 69' lang='grc' dir='ltr'><strong>ἰ</strong></span> <span class='ocrx_word' id='word_1_538' title='bbox 2031 1698 2118 1730; x_wconf 73' lang='lat' dir='ltr'>seruis</span> 
     </span>
     <span class='ocr_line' id='line_1_41' title="bbox 398 1740 2121 1793; baseline -0.005 -11"><span class='ocrx_word' id='word_1_539' title='bbox 398 1762 500 1793; x_wconf 86' lang='lat' dir='ltr'>patum</span> <span class='ocrx_word' id='word_1_540' title='bbox 514 1749 671 1781; x_wconf 82' lang='lat' dir='ltr'>differrent:</span> <span class='ocrx_word' id='word_1_541' title='bbox 679 1760 732 1781; x_wconf 89' lang='lat' dir='ltr'>nos</span> <span class='ocrx_word' id='word_1_542' title='bbox 741 1748 812 1780; x_wconf 81' lang='lat' dir='ltr'>verb</span> <span class='ocrx_word' id='word_1_543' title='bbox 823 1747 884 1789; x_wconf 84' lang='lat' dir='ltr'>post</span> <span class='ocrx_word' id='word_1_544' title='bbox 894 1745 1041 1777; x_wconf 81' lang='lat' dir='ltr'>Christum</span> <span class='ocrx_word' id='word_1_545' title='bbox 1052 1742 1234 1774; x_wconf 64' lang='lat' dir='ltr'>manifestasti</span> <span class='ocrx_word' id='word_1_546' title='bbox 1244 1742 1353 1774; x_wconf 82' lang='lat' dir='ltr'>solutos</span> <span class='ocrx_word' id='word_1_547' title='bbox 1371 1742 1456 1781; x_wconf 79' lang='lat' dir='ltr'>Legis</span> <span class='ocrx_word' id='word_1_548' title='bbox 1473 1740 1658 1782; x_wconf 76' lang='lat' dir='ltr'>paedagogia,</span> <span class='ocrx_word' id='word_1_549' title='bbox 1675 1740 1752 1781; x_wconf 83' lang='lat' dir='ltr'>quasi</span> <span class='ocrx_word' id='word_1_550' title='bbox 1769 1740 1854 1771; x_wconf 89' lang='lat' dir='ltr'>finito</span> <span class='ocrx_word' id='word_1_551' title='bbox 1869 1741 1966 1772; x_wconf 77' lang='lat' dir='ltr'>tutelae</span> <span class='ocrx_word' id='word_1_552' title='bbox 1983 1752 2121 1784; x_wconf 82' lang='lat' dir='ltr'>ternpore</span> 
     </span>
     <span class='ocr_line' id='line_1_42' title="bbox 399 1782 2122 1836; baseline -0.006 -9"><span class='ocrx_word' id='word_1_553' title='bbox 399 1797 522 1827; x_wconf 86' lang='lat' dir='ltr'>liberius</span> <span class='ocrx_word' id='word_1_554' title='bbox 533 1806 628 1836; x_wconf 81' lang='lat' dir='ltr'>agere.</span> <span class='ocrx_word' id='word_1_555' title='bbox 653 1794 788 1824; x_wconf 87' lang='lat' dir='ltr'>Tertium</span> <span class='ocrx_word' id='word_1_556' title='bbox 801 1793 886 1822; x_wconf 84' lang='lat' dir='ltr'>huius</span> <span class='ocrx_word' id='word_1_557' title='bbox 896 1790 1034 1820; x_wconf 68' lang='lat' dir='ltr'>doChrnae</span> <span class='ocrx_word' id='word_1_558' title='bbox 1042 1788 1146 1819; x_wconf 86' lang='lat' dir='ltr'>vitium</span> <span class='ocrx_word' id='word_1_559' title='bbox 1158 1786 1226 1821; x_wconf 87' lang='lat' dir='ltr'>fuit,</span> <span class='ocrx_word' id='word_1_560' title='bbox 1237 1786 1317 1827; x_wconf 89' lang='lat' dir='ltr'>quod</span> <span class='ocrx_word' id='word_1_561' title='bbox 1328 1785 1464 1815; x_wconf 87' lang='lat' dir='ltr'>tenebras</span> <span class='ocrx_word' id='word_1_562' title='bbox 1475 1782 1638 1814; x_wconf 84' lang='lat' dir='ltr'>offunderet</span> <span class='ocrx_word' id='word_1_563' title='bbox 1649 1784 1799 1825; x_wconf 83' lang='lat' dir='ltr'>Euangelij</span> <span class='ocrx_word' id='word_1_564' title='bbox 1809 1785 1865 1814; x_wconf 82' lang='lat' dir='ltr'>luci</span> <span class='ocrx_word' id='word_1_565' title='bbox 1878 1802 1887 1815; x_wconf 72' lang='lat'><em>2</em></span> <span class='ocrx_word' id='word_1_566' title='bbox 1902 1784 1950 1815; x_wconf 86' lang='lat' dir='ltr'>vel</span> <span class='ocrx_word' id='word_1_567' title='bbox 1966 1784 2064 1817; x_wconf 88' lang='lat' dir='ltr'>saltem</span> <span class='ocrx_word' id='word_1_568' title='bbox 2076 1788 2122 1817; x_wconf 89' lang='lat' dir='ltr'>in·</span> 
     </span>
     <span class='ocr_line' id='line_1_43' title="bbox 401 1827 2124 1880; baseline -0.005 -9"><span class='ocrx_word' id='word_1_569' title='bbox 401 1841 574 1880; x_wconf 62' lang='lat' dir='ltr'>t&#39;erponeret</span> <span class='ocrx_word' id='word_1_570' title='bbox 587 1840 667 1869; x_wconf 84' lang='lat' dir='ltr'>velut</span> <span class='ocrx_word' id='word_1_571' title='bbox 677 1836 813 1866; x_wconf 76' lang='lat' dir='ltr'>obscuras</span> <span class='ocrx_word' id='word_1_572' title='bbox 822 1835 966 1868; x_wconf 87' lang='lat' dir='ltr'>nubes‚ne</span> <span class='ocrx_word' id='word_1_573' title='bbox 974 1832 1093 1872; x_wconf 88' lang='lat' dir='ltr'>plenum</span> <span class='ocrx_word' id='word_1_574' title='bbox 1103 1830 1249 1872; x_wconf 85' lang='lat' dir='ltr'>fulgorem</span> <span class='ocrx_word' id='word_1_575' title='bbox 1256 1829 1407 1859; x_wconf 82' lang='lat' dir='ltr'>emitteret</span> <span class='ocrx_word' id='word_1_576' title='bbox 1416 1827 1454 1858; x_wconf 92' lang='lat' dir='ltr'>sol</span> <span class='ocrx_word' id='word_1_577' title='bbox 1468 1828 1578 1858; x_wconf 72' lang='lat' dir='ltr'>iustitiae</span> <span class='ocrx_word' id='word_1_578' title='bbox 1589 1828 1729 1868; x_wconf 80' lang='lat' dir='ltr'>Christus.</span> <span class='ocrx_word' id='word_1_579' title='bbox 1751 1830 1783 1859; x_wconf 88' lang='lat' dir='ltr'>ln</span> <span class='ocrx_word' id='word_1_580' title='bbox 1793 1827 1902 1859; x_wconf 91' lang='lat' dir='ltr'>summa</span> <span class='ocrx_word' id='word_1_581' title='bbox 1911 1849 1920 1863; x_wconf 90' lang='lat'>,</span> <span class='ocrx_word' id='word_1_582' title='bbox 1932 1828 2014 1861; x_wconf 87' lang='lat' dir='ltr'>breui</span> <span class='ocrx_word' id='word_1_583' title='bbox 2025 1830 2124 1862; x_wconf 59' lang='lat' dir='ltr'>adum</span> 
     </span>
     <span class='ocr_line' id='line_1_44' title="bbox 402 1871 2124 1917; baseline -0.008 -2"><span class='ocrx_word' id='word_1_584' title='bbox 402 1882 498 1916; x_wconf 78' lang='lat' dir='ltr'>fuisset</span> <span class='ocrx_word' id='word_1_585' title='bbox 508 1883 545 1913; x_wconf 86' lang='lat' dir='ltr'>de</span> <span class='ocrx_word' id='word_1_586' title='bbox 555 1880 785 1915; x_wconf 87' lang='lat' dir='ltr'>Christianismo,</span> <span class='ocrx_word' id='word_1_587' title='bbox 795 1878 813 1909; x_wconf 85' lang='lat' dir='ltr'>si</span> <span class='ocrx_word' id='word_1_588' title='bbox 823 1878 931 1909; x_wconf 86' lang='lat' dir='ltr'>talibus</span> <span class='ocrx_word' id='word_1_589' title='bbox 942 1877 1031 1907; x_wconf 87' lang='lat' dir='ltr'>initiis</span> <span class='ocrx_word' id='word_1_590' title='bbox 1041 1874 1159 1905; x_wconf 78' lang='lat' dir='ltr'>cessisset</span> <span class='ocrx_word' id='word_1_591' title='bbox 1169 1874 1286 1905; x_wconf 72' lang='lat' dir='ltr'>Paulus.</span> <span class='ocrx_word' id='word_1_592' title='bbox 1307 1875 1463 1904; x_wconf 88' lang='lat' dir='ltr'>Certamen</span> <span class='ocrx_word' id='word_1_593' title='bbox 1475 1883 1548 1913; x_wconf 79' lang='lat' dir='ltr'>crgo</span> <span class='ocrx_word' id='word_1_594' title='bbox 1558 1871 1683 1913; x_wconf 82' lang='lat' dir='ltr'>suscipit,</span> <span class='ocrx_word' id='word_1_595' title='bbox 1691 1883 1750 1902; x_wconf 90' lang='lat' dir='ltr'>non</span> <span class='ocrx_word' id='word_1_596' title='bbox 1761 1883 1814 1913; x_wconf 82' lang='lat' dir='ltr'>pro</span> <span class='ocrx_word' id='word_1_597' title='bbox 1824 1882 1943 1904; x_wconf 83' lang='lat' dir='ltr'>externo</span> <span class='ocrx_word' id='word_1_598' title='bbox 1954 1875 2049 1906; x_wconf 80' lang='lat' dir='ltr'>carnis</span> <span class='ocrx_word' id='word_1_599' title='bbox 2057 1885 2124 1917; x_wconf 60' lang='lat' dir='ltr'>prq-</span> 
     </span>
     <span class='ocr_line' id='line_1_45' title="bbox 402 1915 2124 1971; baseline -0.005 -13"><span class='ocrx_word' id='word_1_600' title='bbox 402 1930 499 1971; x_wconf 87' lang='lat' dir='ltr'>putio‚</span> <span class='ocrx_word' id='word_1_601' title='bbox 508 1927 555 1958; x_wconf 89' lang='lat' dir='ltr'>sed</span> <span class='ocrx_word' id='word_1_602' title='bbox 567 1938 620 1967; x_wconf 86' lang='lat' dir='ltr'>pro</span> <span class='ocrx_word' id='word_1_603' title='bbox 631 1925 754 1968; x_wconf 78' lang='lat' dir='ltr'>gratuita</span> <span class='ocrx_word' id='word_1_604' title='bbox 766 1924 920 1954; x_wconf 89' lang='lat' dir='ltr'>hominurn</span> <span class='ocrx_word' id='word_1_605' title='bbox 929 1920 1025 1952; x_wconf 85' lang='lat' dir='ltr'>salute.</span> <span class='ocrx_word' id='word_1_606' title='bbox 1037 1919 1159 1954; x_wconf 89' lang='lat' dir='ltr'>deinde,</span> <span class='ocrx_word' id='word_1_607' title='bbox 1169 1928 1201 1950; x_wconf 90' lang='lat' dir='ltr'>vt</span> <span class='ocrx_word' id='word_1_608' title='bbox 1211 1920 1272 1960; x_wconf 87' lang='lat' dir='ltr'>pias</span> <span class='ocrx_word' id='word_1_609' title='bbox 1283 1917 1473 1950; x_wconf 85' lang='lat' dir='ltr'>conscientias</span> <span class='ocrx_word' id='word_1_610' title='bbox 1482 1915 1498 1947; x_wconf 74' lang='grc' dir='ltr'>ὲ</span> <span class='ocrx_word' id='word_1_611' title='bbox 1514 1916 1723 1948; x_wconf 63' lang='lat' dir='ltr'>maledictione</span> <span class='ocrx_word' id='word_1_612' title='bbox 1739 1920 1773 1947; x_wconf 69' lang='grc' dir='ltr'>[ι</span> <span class='ocrx_word' id='word_1_613' title='bbox 1781 1918 1824 1959; x_wconf 83' lang='lat' dir='ltr'>gis</span> <span class='ocrx_word' id='word_1_614' title='bbox 1844 1921 1875 1949; x_wconf 88' lang='lat'>&amp;</span> <span class='ocrx_word' id='word_1_615' title='bbox 1892 1928 2001 1949; x_wconf 75' lang='lat' dir='ltr'>aeternae</span> <span class='ocrx_word' id='word_1_616' title='bbox 2017 1929 2124 1952; x_wconf 83' lang='lat' dir='ltr'>mortis</span> 
     </span>
     <span class='ocr_line' id='line_1_46' title="bbox 403 1961 2124 2011; baseline -0.006 -7"><span class='ocrx_word' id='word_1_617' title='bbox 403 1983 484 2005; x_wconf 83' lang='lat' dir='ltr'>reatu</span> <span class='ocrx_word' id='word_1_618' title='bbox 494 1970 631 2002; x_wconf 86' lang='lat' dir='ltr'>absoluat.</span> <span class='ocrx_word' id='word_1_619' title='bbox 642 1968 802 2011; x_wconf 69' lang='lat' dir='ltr'>postremo,</span> <span class='ocrx_word' id='word_1_620' title='bbox 812 1964 1124 1999; x_wconf 77' lang='lat' dir='ltr'>vtremotisomnibus</span> <span class='ocrx_word' id='word_1_621' title='bbox 1134 1963 1302 1996; x_wconf 85' lang='lat' dir='ltr'>obstaculis,</span> <span class='ocrx_word' id='word_1_622' title='bbox 1311 1961 1388 2004; x_wconf 79' lang='lat' dir='ltr'>quasi</span> <span class='ocrx_word' id='word_1_623' title='bbox 1398 1962 1517 2004; x_wconf 73' lang='lat' dir='ltr'>liquido·</span> <span class='ocrx_word' id='word_1_624' title='bbox 1530 1961 1671 1993; x_wconf 87' lang='lat' dir='ltr'>&amp;sereno</span> <span class='ocrx_word' id='word_1_625' title='bbox 1683 1961 1752 1992; x_wconf 83' lang='lat' dir='ltr'>caelo</span> <span class='ocrx_word' id='word_1_626' title='bbox 1767 1961 1911 2004; x_wconf 81' lang='lat' dir='ltr'>refulgeat</span> <span class='ocrx_word' id='word_1_627' title='bbox 1928 1962 2041 1997; x_wconf 73' lang='lat' dir='ltr'>claritas</span> <span class='ocrx_word' id='word_1_628' title='bbox 2057 1974 2124 2007; x_wconf 82' lang='lat' dir='ltr'>gra-</span> 
     </span>
     <span class='ocr_line' id='line_1_47' title="bbox 402 2005 2121 2055; baseline -0.005 -7"><span class='ocrx_word' id='word_1_629' title='bbox 402 2018 445 2049; x_wconf 80' lang='lat' dir='ltr'>tiae</span> <span class='ocrx_word' id='word_1_630' title='bbox 454 2016 572 2047; x_wconf 84' lang='lat' dir='ltr'>Christi.</span> <span class='ocrx_word' id='word_1_631' title='bbox 597 2015 680 2046; x_wconf 77' lang='lat' dir='ltr'>Adde</span> <span class='ocrx_word' id='word_1_632' title='bbox 691 2013 772 2055; x_wconf 70' lang='lat' dir='ltr'>quod</span> <span class='ocrx_word' id='word_1_633' title='bbox 783 2022 902 2054; x_wconf 85' lang='lat' dir='ltr'>grauem</span> <span class='ocrx_word' id='word_1_634' title='bbox 914 2011 986 2053; x_wconf 83' lang='lat' dir='ltr'>Legi</span> <span class='ocrx_word' id='word_1_635' title='bbox 996 2010 1129 2040; x_wconf 89' lang='lat' dir='ltr'>iniuriam</span> <span class='ocrx_word' id='word_1_636' title='bbox 1141 2007 1289 2040; x_wconf 86' lang='lat' dir='ltr'>faciebant</span> <span class='ocrx_word' id='word_1_637' title='bbox 1300 2005 1527 2042; x_wconf 86' lang='lat' dir='ltr'>nebulonesilli‚</span> <span class='ocrx_word' id='word_1_638' title='bbox 1537 2016 1629 2047; x_wconf 83' lang='lat' dir='ltr'>quum</span> <span class='ocrx_word' id='word_1_639' title='bbox 1639 2006 1749 2037; x_wconf 70' lang='lat' dir='ltr'>testum</span> <span class='ocrx_word' id='word_1_640' title='bbox 1761 2005 1849 2048; x_wconf 83' lang='lat' dir='ltr'>ipsius</span> <span class='ocrx_word' id='word_1_641' title='bbox 1857 2006 1937 2039; x_wconf 88' lang='lat' dir='ltr'>vsum</span> <span class='ocrx_word' id='word_1_642' title='bbox 1955 2007 2046 2049; x_wconf 66' lang='lat' dir='ltr'>impie</span> <span class='ocrx_word' id='word_1_643' title='bbox 2056 2019 2121 2040; x_wconf 77' lang='lat' dir='ltr'>tot-</span> 
     </span>
     <span class='ocr_line' id='line_1_48' title="bbox 403 2050 2131 2102; baseline -0.005 -10"><span class='ocrx_word' id='word_1_644' title='bbox 403 2071 586 2102; x_wconf 83' lang='lat' dir='ltr'>rumperent.</span> <span class='ocrx_word' id='word_1_645' title='bbox 608 2061 779 2090; x_wconf 88' lang='lat' dir='ltr'>Genuinum</span> <span class='ocrx_word' id='word_1_646' title='bbox 791 2057 879 2098; x_wconf 85' lang='lat' dir='ltr'>Legis</span> <span class='ocrx_word' id='word_1_647' title='bbox 889 2055 1017 2086; x_wconf 66' lang='lat' dir='ltr'>officium</span> <span class='ocrx_word' id='word_1_648' title='bbox 1028 2052 1093 2087; x_wconf 81' lang='lat' dir='ltr'>fuit,</span> <span class='ocrx_word' id='word_1_649' title='bbox 1104 2053 1253 2095; x_wconf 86' lang='lat' dir='ltr'>paedagogi</span> <span class='ocrx_word' id='word_1_650' title='bbox 1267 2052 1351 2083; x_wconf 86' lang='lat' dir='ltr'>instar</span> <span class='ocrx_word' id='word_1_651' title='bbox 1360 2060 1468 2093; x_wconf 87' lang='lat' dir='ltr'>pueros</span> <span class='ocrx_word' id='word_1_652' title='bbox 1485 2050 1522 2081; x_wconf 90' lang='lat' dir='ltr'>ad</span> <span class='ocrx_word' id='word_1_653' title='bbox 1531 2051 1678 2082; x_wconf 85' lang='lat' dir='ltr'>Christum</span> <span class='ocrx_word' id='word_1_654' title='bbox 1695 2062 1782 2082; x_wconf 90' lang='lat' dir='ltr'>manu</span> <span class='ocrx_word' id='word_1_655' title='bbox 1793 2051 1910 2083; x_wconf 91' lang='lat' dir='ltr'>ducere.</span> <span class='ocrx_word' id='word_1_656' title='bbox 1919 2058 1991 2095; x_wconf 80' lang='lat' dir='ltr'>ergo</span> <span class='ocrx_word' id='word_1_657' title='bbox 2000 2063 2059 2085; x_wconf 87' lang='lat' dir='ltr'>non</span> <span class='ocrx_word' id='word_1_658' title='bbox 2068 2059 2131 2095; x_wconf 70' lang='lat' dir='ltr'>po-&#39;</span> 
     </span>
     <span class='ocr_line' id='line_1_49' title="bbox 406 2095 2123 2146; baseline -0.005 -9"><span class='ocrx_word' id='word_1_659' title='bbox 406 2116 482 2137; x_wconf 85' lang='lat' dir='ltr'>terat</span> <span class='ocrx_word' id='word_1_660' title='bbox 492 2105 574 2146; x_wconf 86' lang='lat' dir='ltr'>peius</span> <span class='ocrx_word' id='word_1_661' title='bbox 583 2103 749 2138; x_wconf 85' lang='lat' dir='ltr'>adulterari,</span> <span class='ocrx_word' id='word_1_662' title='bbox 759 2101 845 2143; x_wconf 68' lang='lat' dir='ltr'>quam</span> <span class='ocrx_word' id='word_1_663' title='bbox 855 2100 920 2132; x_wconf 85' lang='lat' dir='ltr'>dutr</span> <span class='ocrx_word' id='word_1_664' title='bbox 935 2115 943 2123; x_wconf 87' lang='lat'><strong>·</strong></span> <span class='ocrx_word' id='word_1_665' title='bbox 955 2101 996 2130; x_wconf 89' lang='lat' dir='ltr'>ius</span> <span class='ocrx_word' id='word_1_666' title='bbox 1005 2108 1140 2141; x_wconf 75' lang='lat' dir='ltr'>praetextu</span> <span class='ocrx_word' id='word_1_667' title='bbox 1157 2097 1344 2128; x_wconf 88' lang='lat' dir='ltr'>minuebatur</span> <span class='ocrx_word' id='word_1_668' title='bbox 1354 2095 1461 2126; x_wconf 86' lang='lat' dir='ltr'>Christi</span> <span class='ocrx_word' id='word_1_669' title='bbox 1479 2096 1572 2126; x_wconf 88' lang='lat' dir='ltr'>virtus</span> <span class='ocrx_word' id='word_1_670' title='bbox 1584 2097 1615 2126; x_wconf 86' lang='lat'>&amp;</span> <span class='ocrx_word' id='word_1_671' title='bbox 1633 2095 1734 2136; x_wconf 83' lang='lat' dir='ltr'>gratia.</span> <span class='ocrx_word' id='word_1_672' title='bbox 1757 2098 1822 2126; x_wconf 77' lang='lat' dir='ltr'>Hoc</span> <span class='ocrx_word' id='word_1_673' title='bbox 1839 2096 1930 2127; x_wconf 89' lang='lat' dir='ltr'>modo</span> <span class='ocrx_word' id='word_1_674' title='bbox 1947 2096 2123 2138; x_wconf 87' lang='lat' dir='ltr'>inspiciendi</span> 
     </span>
     <span class='ocr_line' id='line_1_50' title="bbox 406 2140 2122 2189; baseline -0.005 -10"><span class='ocrx_word' id='word_1_675' title='bbox 406 2149 469 2183; x_wconf 80' lang='lat' dir='ltr'>sunt</span> <span class='ocrx_word' id='word_1_676' title='bbox 481 2150 569 2180; x_wconf 91' lang='lat' dir='ltr'>nobis</span> <span class='ocrx_word' id='word_1_677' title='bbox 577 2149 710 2179; x_wconf 88' lang='lat' dir='ltr'>omnium</span> <span class='ocrx_word' id='word_1_678' title='bbox 721 2146 908 2189; x_wconf 82' lang='lat' dir='ltr'>quaestionum</span> <span class='ocrx_word' id='word_1_679' title='bbox 921 2143 1030 2179; x_wconf 84' lang='lat' dir='ltr'>fontes,</span> <span class='ocrx_word' id='word_1_680' title='bbox 1043 2153 1078 2173; x_wconf 90' lang='lat' dir='ltr'>ne</span> <span class='ocrx_word' id='word_1_681' title='bbox 1089 2142 1206 2174; x_wconf 86' lang='lat' dir='ltr'>silentio</span> <span class='ocrx_word' id='word_1_682' title='bbox 1217 2142 1314 2173; x_wconf 90' lang='lat' dir='ltr'>nostro</span> <span class='ocrx_word' id='word_1_683' title='bbox 1333 2141 1491 2182; x_wconf 82' lang='lat' dir='ltr'>prodamus</span> <span class='ocrx_word' id='word_1_684' title='bbox 1505 2140 1562 2170; x_wconf 91' lang='lat' dir='ltr'>Dei</span> <span class='ocrx_word' id='word_1_685' title='bbox 1573 2140 1726 2170; x_wconf 84' lang='lat' dir='ltr'>veritatem</span> <span class='ocrx_word' id='word_1_686' title='bbox 1737 2161 1745 2173; x_wconf 89' lang='lat'>‚</span> <span class='ocrx_word' id='word_1_687' title='bbox 1754 2140 1872 2181; x_wconf 87' lang='lat' dir='ltr'>quoties</span> <span class='ocrx_word' id='word_1_688' title='bbox 1886 2151 1949 2171; x_wconf 86' lang='lat' dir='ltr'>earn</span> <span class='ocrx_word' id='word_1_689' title='bbox 1967 2140 2043 2172; x_wconf 65' lang='lat' dir='ltr'>recta</span> <span class='ocrx_word' id='word_1_690' title='bbox 2059 2142 2122 2182; x_wconf 81' lang='lat' dir='ltr'>peti</span> 
     </span>
     <span class='ocr_line' id='line_1_51' title="bbox 406 2182 2121 2228; baseline -0.006 -3"><span class='ocrx_word' id='word_1_691' title='bbox 406 2196 514 2226; x_wconf 79' lang='lat' dir='ltr'>Satanae</span> <span class='ocrx_word' id='word_1_692' title='bbox 522 2192 634 2223; x_wconf 79' lang='lat' dir='ltr'>insidiis</span> <span class='ocrx_word' id='word_1_693' title='bbox 644 2191 789 2225; x_wconf 87' lang='lat' dir='ltr'>videmus,</span> <span class='ocrx_word' id='word_1_694' title='bbox 799 2201 854 2221; x_wconf 92' lang='lat' dir='ltr'>nec</span> <span class='ocrx_word' id='word_1_695' title='bbox 865 2189 1015 2220; x_wconf 69' lang='lat' dir='ltr'>flectantur</span> <span class='ocrx_word' id='word_1_696' title='bbox 1025 2187 1090 2219; x_wconf 85' lang='lat' dir='ltr'>vllis</span> <span class='ocrx_word' id='word_1_697' title='bbox 1099 2188 1248 2228; x_wconf 87' lang='lat' dir='ltr'>periculis,</span> <span class='ocrx_word' id='word_1_698' title='bbox 1261 2185 1305 2216; x_wconf 92' lang='lat' dir='ltr'>vel</span> <span class='ocrx_word' id='word_1_699' title='bbox 1316 2186 1433 2227; x_wconf 82' lang='lat' dir='ltr'>probris</span> <span class='ocrx_word' id='word_1_700' title='bbox 1442 2186 1472 2216; x_wconf 77' lang='grc' dir='ltr'>δι</span> <span class='ocrx_word' id='word_1_701' title='bbox 1481 2183 1633 2214; x_wconf 84' lang='lat' dir='ltr'>calumniis</span> <span class='ocrx_word' id='word_1_702' title='bbox 1642 2182 1810 2214; x_wconf 77' lang='lat' dir='ltr'>mollescant</span> <span class='ocrx_word' id='word_1_703' title='bbox 1828 2184 1918 2215; x_wconf 88' lang='lat' dir='ltr'>nobis</span> <span class='ocrx_word' id='word_1_704' title='bbox 1933 2185 2022 2216; x_wconf 86' lang='lat' dir='ltr'>animi</span> <span class='ocrx_word' id='word_1_705' title='bbox 2034 2197 2040 2216; x_wconf 92' lang='lat'>:</span> <span class='ocrx_word' id='word_1_706' title='bbox 2052 2186 2121 2227; x_wconf 78' lang='lat' dir='ltr'>quia</span> 
     </span>
     <span class='ocr_line' id='line_1_52' title="bbox 407 2228 2120 2276; baseline -0.005 -7"><span class='ocrx_word' id='word_1_707' title='bbox 407 2238 570 2270; x_wconf 86' lang='lat' dir='ltr'>constanter</span> <span class='ocrx_word' id='word_1_708' title='bbox 579 2235 725 2267; x_wconf 83' lang='lat' dir='ltr'>asserenda</span> <span class='ocrx_word' id='word_1_709' title='bbox 734 2236 774 2266; x_wconf 88' lang='lat' dir='ltr'>est</span> <span class='ocrx_word' id='word_1_710' title='bbox 783 2246 852 2276; x_wconf 86' lang='lat' dir='ltr'>pura</span> <span class='ocrx_word' id='word_1_711' title='bbox 863 2234 968 2275; x_wconf 86' lang='lat' dir='ltr'>religio</span> <span class='ocrx_word' id='word_1_712' title='bbox 977 2253 987 2268; x_wconf 94' lang='lat'>‚</span> <span class='ocrx_word' id='word_1_713' title='bbox 998 2232 1111 2264; x_wconf 82' lang='lat' dir='ltr'>etiamsi</span> <span class='ocrx_word' id='word_1_714' title='bbox 1119 2232 1220 2263; x_wconf 72' lang='lat' dir='ltr'>caeluni</span> <span class='ocrx_word' id='word_1_715' title='bbox 1231 2241 1312 2262; x_wconf 80' lang='lat' dir='ltr'>terrae</span> <span class='ocrx_word' id='word_1_716' title='bbox 1321 2229 1431 2260; x_wconf 85' lang='lat' dir='ltr'>misceri</span> <span class='ocrx_word' id='word_1_717' title='bbox 1439 2229 1555 2258; x_wconf 87' lang='lat' dir='ltr'>debeat.</span> <span class='ocrx_word' id='word_1_718' title='bbox 1578 2229 1684 2259; x_wconf 88' lang='lat' dir='ltr'>Setuos</span> <span class='ocrx_word' id='word_1_719' title='bbox 1693 2228 1810 2269; x_wconf 89' lang='lat' dir='ltr'>quidem</span> <span class='ocrx_word' id='word_1_720' title='bbox 1822 2229 1930 2260; x_wconf 81' lang='lat' dir='ltr'>Christi</span> <span class='ocrx_word' id='word_1_721' title='bbox 1940 2230 2059 2261; x_wconf 70' lang='lat' dir='ltr'>minime</span> <span class='ocrx_word' id='word_1_722' title='bbox 2067 2241 2120 2272; x_wconf 86' lang='lat' dir='ltr'>pu-</span> 
     </span>
     <span class='ocr_line' id='line_1_53' title="bbox 407 2271 2123 2324; baseline -0.004 -12"><span class='ocrx_word' id='word_1_723' title='bbox 407 2293 514 2324; x_wconf 84' lang='lat' dir='ltr'>gnaces</span> <span class='ocrx_word' id='word_1_724' title='bbox 524 2280 578 2312; x_wconf 77' lang='lat' dir='ltr'>esse</span> <span class='ocrx_word' id='word_1_725' title='bbox 590 2282 685 2314; x_wconf 75' lang='lat' dir='ltr'>decet,</span> <span class='ocrx_word' id='word_1_726' title='bbox 697 2282 795 2320; x_wconf 89' lang='lat' dir='ltr'>itaque</span> <span class='ocrx_word' id='word_1_727' title='bbox 807 2279 883 2321; x_wconf 82' lang='lat' dir='ltr'>siqua</span> <span class='ocrx_word' id='word_1_728' title='bbox 893 2289 992 2309; x_wconf 85' lang='lat' dir='ltr'>exorta</span> <span class='ocrx_word' id='word_1_729' title='bbox 1002 2277 1091 2309; x_wconf 85' lang='lat' dir='ltr'>fuerit</span> <span class='ocrx_word' id='word_1_730' title='bbox 1101 2279 1266 2311; x_wconf 59' lang='lat' dir='ltr'>contentio}</span> <span class='ocrx_word' id='word_1_731' title='bbox 1275 2286 1338 2306; x_wconf 88' lang='lat' dir='ltr'>eam</span> <span class='ocrx_word' id='word_1_732' title='bbox 1347 2274 1443 2305; x_wconf 87' lang='lat' dir='ltr'>sedare</span> <span class='ocrx_word' id='word_1_733' title='bbox 1454 2275 1487 2305; x_wconf 75' lang='grc' dir='ltr'>δι</span> <span class='ocrx_word' id='word_1_734' title='bbox 1497 2282 1677 2314; x_wconf 88' lang='lat' dir='ltr'>componere</span> <span class='ocrx_word' id='word_1_735' title='bbox 1687 2271 1732 2303; x_wconf 83' lang='lat' dir='ltr'>sua</span> <span class='ocrx_word' id='word_1_736' title='bbox 1742 2271 1946 2306; x_wconf 87' lang='lat' dir='ltr'>moderatione</span> <span class='ocrx_word' id='word_1_737' title='bbox 1957 2275 2056 2313; x_wconf 86' lang='lat' dir='ltr'>potius</span> <span class='ocrx_word' id='word_1_738' title='bbox 2065 2275 2123 2305; x_wconf 88' lang='lat' dir='ltr'>stu-</span> 
     </span>
     <span class='ocr_line' id='line_1_54' title="bbox 407 2316 2123 2368; baseline -0.006 -11"><span class='ocrx_word' id='word_1_739' title='bbox 407 2327 531 2368; x_wconf 80' lang='lat' dir='ltr'>debunt,</span> <span class='ocrx_word' id='word_1_740' title='bbox 541 2325 628 2367; x_wconf 74' lang='lat' dir='ltr'>quarn</span> <span class='ocrx_word' id='word_1_741' title='bbox 639 2334 669 2355; x_wconf 89' lang='lat' dir='ltr'>vt</span> <span class='ocrx_word' id='word_1_742' title='bbox 681 2324 823 2355; x_wconf 69' lang='lat' dir='ltr'>chfficum</span> <span class='ocrx_word' id='word_1_743' title='bbox 839 2323 973 2364; x_wconf 86' lang='lat' dir='ltr'>protinus</span> <span class='ocrx_word' id='word_1_744' title='bbox 982 2332 1095 2353; x_wconf 83' lang='lat' dir='ltr'>canant.</span> <span class='ocrx_word' id='word_1_745' title='bbox 1103 2320 1221 2354; x_wconf 90' lang='lat' dir='ltr'>deinde,</span> <span class='ocrx_word' id='word_1_746' title='bbox 1235 2319 1335 2352; x_wconf 63' lang='lat' dir='ltr'>seduli&gt;</span> <span class='ocrx_word' id='word_1_747' title='bbox 1352 2317 1499 2350; x_wconf 88' lang='lat' dir='ltr'>cauebunt</span> <span class='ocrx_word' id='word_1_748' title='bbox 1509 2317 1524 2348; x_wconf 76' lang='lat' dir='ltr'>a</span> <span class='ocrx_word' id='word_1_749' title='bbox 1539 2316 1723 2358; x_wconf 85' lang='lat' dir='ltr'>superuacuis</span> <span class='ocrx_word' id='word_1_750' title='bbox 1738 2318 1770 2348; x_wconf 77' lang='grc' dir='ltr'>δε</span> <span class='ocrx_word' id='word_1_751' title='bbox 1788 2317 1924 2348; x_wconf 77' lang='lat' dir='ltr'>inanibus</span> <span class='ocrx_word' id='word_1_752' title='bbox 1934 2318 2056 2359; x_wconf 79' lang='lat' dir='ltr'>pugnis:</span> <span class='ocrx_word' id='word_1_753' title='bbox 2067 2328 2123 2350; x_wconf 82' lang='lat' dir='ltr'>nec</span> 
     </span>
     <span class='ocr_line' id='line_1_55' title="bbox 406 2360 2123 2412; baseline -0.006 -9"><span class='ocrx_word' id='word_1_754' title='bbox 406 2370 593 2412; x_wconf 86' lang='lat' dir='ltr'>exagitabunt</span> <span class='ocrx_word' id='word_1_755' title='bbox 604 2369 679 2399; x_wconf 86' lang='lat' dir='ltr'>leuis</span> <span class='ocrx_word' id='word_1_756' title='bbox 687 2368 829 2399; x_wconf 77' lang='lat' dir='ltr'>momenti</span> <span class='ocrx_word' id='word_1_757' title='bbox 839 2364 1119 2399; x_wconf 54' lang='lat' dir='ltr'>controuersiasssed</span> <span class='ocrx_word' id='word_1_758' title='bbox 1130 2366 1179 2396; x_wconf 92' lang='lat' dir='ltr'>vbi</span> <span class='ocrx_word' id='word_1_759' title='bbox 1191 2365 1320 2396; x_wconf 90' lang='lat' dir='ltr'>viderint</span> <span class='ocrx_word' id='word_1_760' title='bbox 1337 2365 1470 2394; x_wconf 87' lang='lat' dir='ltr'>Saranam</span> <span class='ocrx_word' id='word_1_761' title='bbox 1489 2360 1849 2402; x_wconf 86' lang='lat' dir='ltr'>eousqueinsolescei·e‚vt</span> <span class='ocrx_word' id='word_1_762' title='bbox 1863 2361 1974 2404; x_wconf 81' lang='lat' dir='ltr'>integra</span> <span class='ocrx_word' id='word_1_763' title='bbox 1983 2362 2041 2393; x_wconf 82' lang='lat' dir='ltr'>iam</span> <span class='ocrx_word' id='word_1_764' title='bbox 2057 2363 2123 2393; x_wconf 85' lang='lat' dir='ltr'>reli-</span> 
     </span>
     <span class='ocr_line' id='line_1_56' title="bbox 405 2405 2122 2458; baseline -0.004 -13"><span class='ocrx_word' id='word_1_765' title='bbox 405 2417 458 2458; x_wconf 87' lang='lat' dir='ltr'>gio</span> <span class='ocrx_word' id='word_1_766' title='bbox 468 2416 585 2446; x_wconf 81' lang='lat' dir='ltr'>manere</span> <span class='ocrx_word' id='word_1_767' title='bbox 596 2422 721 2453; x_wconf 83' lang='lat' dir='ltr'>nequeat</span> <span class='ocrx_word' id='word_1_768' title='bbox 731 2411 780 2442; x_wconf 82' lang='lat' dir='ltr'>nisi</span> <span class='ocrx_word' id='word_1_769' title='bbox 791 2412 910 2442; x_wconf 83' lang='lat' dir='ltr'>obuiam</span> <span class='ocrx_word' id='word_1_770' title='bbox 924 2410 1017 2443; x_wconf 76' lang='lat' dir='ltr'>ea‘tur,</span> <span class='ocrx_word' id='word_1_771' title='bbox 1029 2407 1169 2449; x_wconf 81' lang='lat' dir='ltr'>colligant</span> <span class='ocrx_word' id='word_1_772' title='bbox 1178 2410 1292 2439; x_wconf 86' lang='lat' dir='ltr'>animos</span> <span class='ocrx_word' id='word_1_773' title='bbox 1302 2405 1413 2438; x_wconf 76' lang='lat' dir='ltr'>necesse</span> <span class='ocrx_word' id='word_1_774' title='bbox 1422 2406 1473 2440; x_wconf 85' lang='lat' dir='ltr'>est,</span> <span class='ocrx_word' id='word_1_775' title='bbox 1483 2405 1636 2446; x_wconf 84' lang='lat' dir='ltr'>&amp;surgant</span> <span class='ocrx_word' id='word_1_776' title='bbox 1655 2405 1689 2436; x_wconf 88' lang='lat' dir='ltr'>ad</span> <span class='ocrx_word' id='word_1_777' title='bbox 1702 2405 1897 2437; x_wconf 81' lang='lat' dir='ltr'>resistendum-</span> <span class='ocrx_word' id='word_1_778' title='bbox 1910 2417 1964 2437; x_wconf 89' lang='lat' dir='ltr'>nec</span> <span class='ocrx_word' id='word_1_779' title='bbox 1983 2406 2122 2438; x_wconf 83' lang='lat' dir='ltr'>dubitent</span> 
     </span>
     <span class='ocr_line' id='line_1_57' title="bbox 405 2448 2121 2502; baseline -0.003 -14"><span class='ocrx_word' id='word_1_780' title='bbox 405 2469 518 2502; x_wconf 79' lang='lat' dir='ltr'>pugnas</span> <span class='ocrx_word' id='word_1_781' title='bbox 527 2457 690 2498; x_wconf 81' lang='lat' dir='ltr'>quamlibet</span> <span class='ocrx_word' id='word_1_782' title='bbox 700 2455 811 2489; x_wconf 87' lang='lat' dir='ltr'>odiosas</span> <span class='ocrx_word' id='word_1_783' title='bbox 825 2456 919 2485; x_wconf 74' lang='lat' dir='ltr'>obire.</span> <span class='ocrx_word' id='word_1_784' title='bbox 945 2451 1099 2483; x_wconf 80' lang='lat' dir='ltr'>Plansibile</span> <span class='ocrx_word' id='word_1_785' title='bbox 1109 2452 1230 2492; x_wconf 87' lang='lat' dir='ltr'>quidem</span> <span class='ocrx_word' id='word_1_786' title='bbox 1242 2452 1281 2482; x_wconf 83' lang='lat' dir='ltr'>est</span> <span class='ocrx_word' id='word_1_787' title='bbox 1291 2461 1398 2481; x_wconf 89' lang='lat' dir='ltr'>nomen</span> <span class='ocrx_word' id='word_1_788' title='bbox 1407 2450 1499 2479; x_wconf 82' lang='lat' dir='ltr'>Pacis:</span> <span class='ocrx_word' id='word_1_789' title='bbox 1508 2448 1553 2480; x_wconf 92' lang='lat' dir='ltr'>sed</span> <span class='ocrx_word' id='word_1_790' title='bbox 1565 2449 1716 2481; x_wconf 65' lang='lat' dir='ltr'>maledicta</span> <span class='ocrx_word' id='word_1_791' title='bbox 1728 2450 1768 2480; x_wconf 85' lang='lat' dir='ltr'>est</span> <span class='ocrx_word' id='word_1_792' title='bbox 1778 2460 1829 2491; x_wconf 80' lang='lat' dir='ltr'>pax</span> <span class='ocrx_word' id='word_1_793' title='bbox 1848 2461 1909 2491; x_wconf 80' lang='lat' dir='ltr'>qnae</span> <span class='ocrx_word' id='word_1_794' title='bbox 1924 2461 2002 2482; x_wconf 78' lang='lat' dir='ltr'>tanta</span> <span class='ocrx_word' id='word_1_795' title='bbox 2014 2451 2121 2483; x_wconf 74' lang='lat' dir='ltr'>iactura</span> 
     </span>
     <span class='ocr_line' id='line_1_58' title="bbox 406 2492 2123 2541; baseline -0.006 -5"><span class='ocrx_word' id='word_1_796' title='bbox 406 2505 571 2536; x_wconf 81' lang='lat' dir='ltr'>redimitur,</span> <span class='ocrx_word' id='word_1_797' title='bbox 582 2512 610 2532; x_wconf 90' lang='lat' dir='ltr'>vt</span> <span class='ocrx_word' id='word_1_798' title='bbox 620 2502 707 2531; x_wconf 87' lang='lat' dir='ltr'>nobis</span> <span class='ocrx_word' id='word_1_799' title='bbox 717 2510 815 2541; x_wconf 86' lang='lat' dir='ltr'>pereat</span> <span class='ocrx_word' id='word_1_800' title='bbox 827 2497 931 2528; x_wconf 86' lang='lat' dir='ltr'>Christi</span> <span class='ocrx_word' id='word_1_801' title='bbox 944 2495 1075 2528; x_wconf 65' lang='lat' dir='ltr'>dostrina</span> <span class='ocrx_word' id='word_1_802' title='bbox 1087 2516 1094 2529; x_wconf 88' lang='lat'>,</span> <span class='ocrx_word' id='word_1_803' title='bbox 1105 2506 1160 2535; x_wconf 92' lang='lat' dir='ltr'>qua</span> <span class='ocrx_word' id='word_1_804' title='bbox 1169 2495 1262 2526; x_wconf 88' lang='lat' dir='ltr'>solain</span> <span class='ocrx_word' id='word_1_805' title='bbox 1273 2495 1348 2535; x_wconf 85' lang='lat' dir='ltr'>piam</span> <span class='ocrx_word' id='word_1_806' title='bbox 1362 2492 1524 2524; x_wconf 71' lang='lat' dir='ltr'>&amp;sanciam</span> <span class='ocrx_word' id='word_1_807' title='bbox 1537 2493 1676 2524; x_wconf 78' lang='lat' dir='ltr'>vnitatem</span> <span class='ocrx_word' id='word_1_808' title='bbox 1687 2494 1884 2526; x_wconf 81' lang='lat' dir='ltr'>coalescimns.</span> <span class='ocrx_word' id='word_1_809' title='bbox 1907 2494 2023 2536; x_wconf 61' lang='lat' dir='ltr'>Papillae</span> <span class='ocrx_word' id='word_1_810' title='bbox 2031 2496 2123 2528; x_wconf 81' lang='lat' dir='ltr'>hodie</span> 
     </span>
     <span class='ocr_line' id='line_1_59' title="bbox 406 2537 2122 2590; baseline -0.003 -13"><span class='ocrx_word' id='word_1_811' title='bbox 406 2558 543 2590; x_wconf 82' lang='lat' dir='ltr'>magnam</span> <span class='ocrx_word' id='word_1_812' title='bbox 553 2547 638 2576; x_wconf 89' lang='lat' dir='ltr'>nobis</span> <span class='ocrx_word' id='word_1_813' title='bbox 648 2545 787 2576; x_wconf 88' lang='lat' dir='ltr'>inuidiam</span> <span class='ocrx_word' id='word_1_814' title='bbox 797 2540 1016 2582; x_wconf 87' lang='lat' dir='ltr'>conflant,quasr</span> <span class='ocrx_word' id='word_1_815' title='bbox 1026 2550 1077 2581; x_wconf 90' lang='lat' dir='ltr'>per</span> <span class='ocrx_word' id='word_1_816' title='bbox 1086 2549 1139 2569; x_wconf 91' lang='lat' dir='ltr'>nos</span> <span class='ocrx_word' id='word_1_817' title='bbox 1150 2540 1265 2569; x_wconf 80' lang='lat' dir='ltr'>excitati</span> <span class='ocrx_word' id='word_1_818' title='bbox 1275 2537 1384 2568; x_wconf 84' lang='lat' dir='ltr'>fuerint</span> <span class='ocrx_word' id='word_1_819' title='bbox 1394 2537 1522 2568; x_wconf 83' lang='lat' dir='ltr'>exitiales</span> <span class='ocrx_word' id='word_1_820' title='bbox 1531 2537 1793 2579; x_wconf 64' lang='lat' dir='ltr'>tumulru52quibus</span> <span class='ocrx_word' id='word_1_821' title='bbox 1804 2539 1930 2570; x_wconf 86' lang='lat' dir='ltr'>mundus</span> <span class='ocrx_word' id='word_1_822' title='bbox 1940 2540 2122 2576; x_wconf 82' lang='lat' dir='ltr'>concutitur,</span> 
     </span>
     <span class='ocr_line' id='line_1_60' title="bbox 405 2581 2121 2631; baseline -0.005 -8"><span class='ocrx_word' id='word_1_823' title='bbox 405 2593 453 2624; x_wconf 86' lang='lat' dir='ltr'>sed</span> <span class='ocrx_word' id='word_1_824' title='bbox 464 2592 551 2622; x_wconf 85' lang='lat' dir='ltr'>nobis</span> <span class='ocrx_word' id='word_1_825' title='bbox 559 2600 694 2631; x_wconf 87' lang='lat' dir='ltr'>prompta</span> <span class='ocrx_word' id='word_1_826' title='bbox 704 2589 742 2619; x_wconf 87' lang='lat' dir='ltr'>est</span> <span class='ocrx_word' id='word_1_827' title='bbox 752 2585 895 2621; x_wconf 83' lang='lat' dir='ltr'>defensio,</span> <span class='ocrx_word' id='word_1_828' title='bbox 904 2585 1065 2616; x_wconf 85' lang='lat' dir='ltr'>atrociores</span> <span class='ocrx_word' id='word_1_829' title='bbox 1073 2581 1154 2614; x_wconf 82' lang='lat' dir='ltr'>fuisse</span> <span class='ocrx_word' id='word_1_830' title='bbox 1164 2583 1194 2613; x_wconf 86' lang='lat' dir='ltr'>in</span> <span class='ocrx_word' id='word_1_831' title='bbox 1205 2585 1302 2613; x_wconf 88' lang='lat' dir='ltr'>Deum</span> <span class='ocrx_word' id='word_1_832' title='bbox 1312 2581 1513 2622; x_wconf 86' lang='lat' dir='ltr'>blasphemias,</span> <span class='ocrx_word' id='word_1_833' title='bbox 1523 2582 1631 2623; x_wconf 89' lang='lat' dir='ltr'>quibus</span> <span class='ocrx_word' id='word_1_834' title='bbox 1641 2583 1834 2624; x_wconf 77' lang='lat' dir='ltr'>coarguendis</span> <span class='ocrx_word' id='word_1_835' title='bbox 1845 2594 1963 2623; x_wconf 86' lang='lat' dir='ltr'>operam</span> <span class='ocrx_word' id='word_1_836' title='bbox 1975 2584 2121 2618; x_wconf 81' lang='lat' dir='ltr'>dedimus,</span> 
     </span>
     <span class='ocr_line' id='line_1_61' title="bbox 408 2625 2124 2678; baseline -0.005 -11"><span class='ocrx_word' id='word_1_837' title='bbox 408 2638 494 2678; x_wconf 68' lang='lat' dir='ltr'>quim</span> <span class='ocrx_word' id='word_1_838' title='bbox 506 2646 535 2666; x_wconf 87' lang='lat' dir='ltr'>vt</span> <span class='ocrx_word' id='word_1_839' title='bbox 546 2634 586 2665; x_wconf 81' lang='lat' dir='ltr'>fas</span> <span class='ocrx_word' id='word_1_840' title='bbox 596 2633 681 2665; x_wconf 87' lang='lat' dir='ltr'>fuerit</span> <span class='ocrx_word' id='word_1_841' title='bbox 691 2643 796 2664; x_wconf 88' lang='lat' dir='ltr'>tacere.</span> <span class='ocrx_word' id='word_1_842' title='bbox 821 2630 948 2663; x_wconf 84' lang='lat' dir='ltr'>Proinde</span> <span class='ocrx_word' id='word_1_843' title='bbox 958 2639 1012 2659; x_wconf 88' lang='lat' dir='ltr'>nos</span> <span class='ocrx_word' id='word_1_844' title='bbox 1023 2627 1145 2658; x_wconf 76' lang='lat' dir='ltr'>minime</span> <span class='ocrx_word' id='word_1_845' title='bbox 1154 2625 1210 2658; x_wconf 84' lang='lat' dir='ltr'>esse</span> <span class='ocrx_word' id='word_1_846' title='bbox 1219 2626 1393 2667; x_wconf 82' lang='lat' dir='ltr'>culpandos,</span> <span class='ocrx_word' id='word_1_847' title='bbox 1405 2626 1470 2667; x_wconf 86' lang='lat' dir='ltr'>quia</span> <span class='ocrx_word' id='word_1_848' title='bbox 1481 2636 1632 2657; x_wconf 82' lang='lat' dir='ltr'>certamen</span> <span class='ocrx_word' id='word_1_849' title='bbox 1644 2627 1681 2657; x_wconf 88' lang='lat' dir='ltr'>de</span> <span class='ocrx_word' id='word_1_850' title='bbox 1692 2637 1725 2657; x_wconf 85' lang='lat' dir='ltr'>ea</span> <span class='ocrx_word' id='word_1_851' title='bbox 1738 2625 1816 2657; x_wconf 87' lang='lat' dir='ltr'>causa</span> <span class='ocrx_word' id='word_1_852' title='bbox 1831 2626 2004 2667; x_wconf 78' lang='lat' dir='ltr'>suscepimus</span> <span class='ocrx_word' id='word_1_853' title='bbox 2022 2627 2124 2658; x_wconf 84' lang='lat' dir='ltr'>aduer-</span> 
     </span>
     <span class='ocr_line' id='line_1_62' title="bbox 408 2669 2121 2720; baseline -0.006 -8"><span class='ocrx_word' id='word_1_854' title='bbox 408 2681 452 2713; x_wconf 86' lang='lat' dir='ltr'>sus</span> <span class='ocrx_word' id='word_1_855' title='bbox 463 2681 607 2711; x_wconf 85' lang='lat' dir='ltr'>homines,</span> <span class='ocrx_word' id='word_1_856' title='bbox 619 2690 672 2720; x_wconf 89' lang='lat' dir='ltr'>pro</span> <span class='ocrx_word' id='word_1_857' title='bbox 683 2688 739 2719; x_wconf 87' lang='lat' dir='ltr'>qua</span> <span class='ocrx_word' id='word_1_858' title='bbox 747 2675 917 2707; x_wconf 77' lang='lat' dir='ltr'>bellandum</span> <span class='ocrx_word' id='word_1_859' title='bbox 928 2672 997 2705; x_wconf 80' lang='lat' dir='ltr'>esset</span> <span class='ocrx_word' id='word_1_860' title='bbox 1009 2683 1076 2703; x_wconf 90' lang='lat' dir='ltr'>cum</span> <span class='ocrx_word' id='word_1_861' title='bbox 1087 2671 1152 2713; x_wconf 87' lang='lat' dir='ltr'>ipsis</span> <span class='ocrx_word' id='word_1_862' title='bbox 1160 2671 1289 2712; x_wconf 75' lang='lat' dir='ltr'>Angelis·</span> <span class='ocrx_word' id='word_1_863' title='bbox 1310 2670 1472 2701; x_wconf 80' lang='lat' dir='ltr'>Clamitent</span> <span class='ocrx_word' id='word_1_864' title='bbox 1483 2671 1534 2711; x_wconf 80' lang='lat' dir='ltr'>ipsi</span> <span class='ocrx_word' id='word_1_865' title='bbox 1545 2681 1574 2701; x_wconf 76' lang='lat' dir='ltr'>vt</span> <span class='ocrx_word' id='word_1_866' title='bbox 1583 2671 1713 2702; x_wconf 82' lang='lat' dir='ltr'>libuerit,</span> <span class='ocrx_word' id='word_1_867' title='bbox 1724 2670 1811 2700; x_wconf 85' lang='lat' dir='ltr'>nobis</span> <span class='ocrx_word' id='word_1_868' title='bbox 1825 2669 1924 2702; x_wconf 84' lang='lat' dir='ltr'>sufficit</span> <span class='ocrx_word' id='word_1_869' title='bbox 1932 2672 2011 2702; x_wconf 82' lang='lat' dir='ltr'>Pauli</span> <span class='ocrx_word' id='word_1_870' title='bbox 2022 2682 2121 2702; x_wconf 84' lang='lat' dir='ltr'>exem-</span> 
     </span>
     <span class='ocr_line' id='line_1_63' title="bbox 408 2714 2122 2767; baseline -0.005 -12"><span class='ocrx_word' id='word_1_871' title='bbox 408 2726 501 2767; x_wconf 83' lang='lat' dir='ltr'>plum,</span> <span class='ocrx_word' id='word_1_872' title='bbox 511 2735 547 2754; x_wconf 92' lang='lat' dir='ltr'>ne</span> <span class='ocrx_word' id='word_1_873' title='bbox 559 2722 657 2766; x_wconf 83' lang='lat' dir='ltr'>frigidi</span> <span class='ocrx_word' id='word_1_874' title='bbox 668 2722 794 2754; x_wconf 87' lang='lat' dir='ltr'>vellenti</span> <span class='ocrx_word' id='word_1_875' title='bbox 806 2719 891 2750; x_wconf 86' lang='lat' dir='ltr'>simus</span> <span class='ocrx_word' id='word_1_876' title='bbox 901 2720 930 2749; x_wconf 87' lang='lat' dir='ltr'>in</span> <span class='ocrx_word' id='word_1_877' title='bbox 940 2717 1048 2749; x_wconf 90' lang='lat' dir='ltr'>tuenda</span> <span class='ocrx_word' id='word_1_878' title='bbox 1059 2717 1175 2758; x_wconf 86' lang='lat' dir='ltr'>pietatis</span> <span class='ocrx_word' id='word_1_879' title='bbox 1185 2714 1326 2749; x_wconf 53' lang='lat' dir='ltr'>doarina,</span> <span class='ocrx_word' id='word_1_880' title='bbox 1335 2725 1400 2745; x_wconf 89' lang='lat' dir='ltr'>cum</span> <span class='ocrx_word' id='word_1_881' title='bbox 1414 2716 1554 2746; x_wconf 84' lang='lat' dir='ltr'>eamtotis</span> <span class='ocrx_word' id='word_1_882' title='bbox 1566 2714 1859 2747; x_wconf 74' lang='lat' dir='ltr'>viribuslabefaetant</span> <span class='ocrx_word' id='word_1_883' title='bbox 1870 2716 1979 2746; x_wconf 80' lang='lat' dir='ltr'>Satanae</span> <span class='ocrx_word' id='word_1_884' title='bbox 1990 2717 2122 2747; x_wconf 84' lang='lat' dir='ltr'>minislri.</span> 
     </span>
     <span class='ocr_line' id='line_1_64' title="bbox 408 2757 2125 2811; baseline -0.008 -11"><span class='ocrx_word' id='word_1_885' title='bbox 408 2780 505 2811; x_wconf 88' lang='lat' dir='ltr'>neque</span> <span class='ocrx_word' id='word_1_886' title='bbox 515 2769 593 2799; x_wconf 86' lang='lat' dir='ltr'>enim</span> <span class='ocrx_word' id='word_1_887' title='bbox 603 2767 702 2799; x_wconf 91' lang='lat' dir='ltr'>vesana</span> <span class='ocrx_word' id='word_1_888' title='bbox 713 2776 815 2797; x_wconf 89' lang='lat' dir='ltr'>eorum</span> <span class='ocrx_word' id='word_1_889' title='bbox 827 2763 1014 2804; x_wconf 73' lang='lat' dir='ltr'>intemperies</span> <span class='ocrx_word' id='word_1_890' title='bbox 1023 2761 1212 2793; x_wconf 81' lang='lat' dir='ltr'>constantiam</span> <span class='ocrx_word' id='word_1_891' title='bbox 1223 2758 1367 2791; x_wconf 88' lang='lat' dir='ltr'>seruorum</span> <span class='ocrx_word' id='word_1_892' title='bbox 1378 2760 1433 2789; x_wconf 87' lang='lat' dir='ltr'>Dei</span> <span class='ocrx_word' id='word_1_893' title='bbox 1444 2759 1575 2800; x_wconf 90' lang='lat' dir='ltr'>superare</span> <span class='ocrx_word' id='word_1_894' title='bbox 1583 2759 1682 2791; x_wconf 87' lang='lat' dir='ltr'>deber.</span> <span class='ocrx_word' id='word_1_895' title='bbox 1704 2758 1782 2790; x_wconf 74' lang='lat' dir='ltr'>Cum</span> <span class='ocrx_word' id='word_1_896' title='bbox 1794 2758 1819 2789; x_wconf 91' lang='lat' dir='ltr'>se</span> <span class='ocrx_word' id='word_1_897' title='bbox 1830 2757 1977 2790; x_wconf 81' lang='lat' dir='ltr'>seruenter</span> <span class='ocrx_word' id='word_1_898' title='bbox 1985 2771 2125 2801; x_wconf 78' lang='lat' dir='ltr'>oppone-</span> 
     </span>
     <span class='ocr_line' id='line_1_65' title="bbox 410 2802 2123 2854; baseline -0.006 -9"><span class='ocrx_word' id='word_1_899' title='bbox 410 2824 454 2845; x_wconf 87' lang='lat' dir='ltr'>ret</span> <span class='ocrx_word' id='word_1_900' title='bbox 465 2813 569 2844; x_wconf 85' lang='lat' dir='ltr'>Paulus</span> <span class='ocrx_word' id='word_1_901' title='bbox 579 2809 838 2854; x_wconf 80' lang='lat' dir='ltr'>pseudoapostolis,</span> <span class='ocrx_word' id='word_1_902' title='bbox 849 2817 883 2839; x_wconf 87' lang='lat' dir='ltr'>ex</span> <span class='ocrx_word' id='word_1_903' title='bbox 893 2806 1031 2838; x_wconf 72' lang='lat' dir='ltr'>conflistu</span> <span class='ocrx_word' id='word_1_904' title='bbox 1042 2806 1160 2837; x_wconf 88' lang='lat' dir='ltr'>demum</span> <span class='ocrx_word' id='word_1_905' title='bbox 1170 2803 1267 2835; x_wconf 78' lang='lat' dir='ltr'>exarsit</span> <span class='ocrx_word' id='word_1_906' title='bbox 1277 2803 1488 2845; x_wconf 72' lang='lat' dir='ltr'>seditioneque</span> <span class='ocrx_word' id='word_1_907' title='bbox 1497 2814 1592 2835; x_wconf 86' lang='lat' dir='ltr'>tamen</span> <span class='ocrx_word' id='word_1_908' title='bbox 1606 2814 1763 2846; x_wconf 82' lang='lat' dir='ltr'>propterea</span> <span class='ocrx_word' id='word_1_909' title='bbox 1778 2802 1891 2846; x_wconf 81' lang='lat' dir='ltr'>sugillat</span> <span class='ocrx_word' id='word_1_910' title='bbox 1909 2815 1976 2836; x_wconf 90' lang='lat' dir='ltr'>eum</span> <span class='ocrx_word' id='word_1_911' title='bbox 1997 2807 2123 2847; x_wconf 73' lang='lat' dir='ltr'>Spiritus</span> 
     </span>
     <span class='ocr_line' id='line_1_66' title="bbox 409 2848 2106 2899; baseline -0.008 -11"><span class='ocrx_word' id='word_1_912' title='bbox 409 2858 549 2899; x_wconf 75' lang='lat' dir='ltr'>Deizquin</span> <span class='ocrx_word' id='word_1_913' title='bbox 560 2857 659 2898; x_wconf 85' lang='lat' dir='ltr'>potius</span> <span class='ocrx_word' id='word_1_914' title='bbox 668 2853 872 2886; x_wconf 88' lang='lat' dir='ltr'>fortitudinem</span> <span class='ocrx_word' id='word_1_915' title='bbox 883 2862 968 2893; x_wconf 88' lang='lat' dir='ltr'>quam</span> <span class='ocrx_word' id='word_1_916' title='bbox 979 2850 1075 2882; x_wconf 66' lang='lat' dir='ltr'>sanfio</span> <span class='ocrx_word' id='word_1_917' title='bbox 1085 2851 1149 2882; x_wconf 86' lang='lat' dir='ltr'>vito</span> <span class='ocrx_word' id='word_1_918' title='bbox 1159 2848 1404 2883; x_wconf 84' lang='lat' dir='ltr'>contulerat,iusta</span> <span class='ocrx_word' id='word_1_919' title='bbox 1413 2848 1498 2879; x_wconf 79' lang='lat' dir='ltr'>laude</span> <span class='ocrx_word' id='word_1_920' title='bbox 1509 2848 1702 2890; x_wconf 85' lang='lat' dir='ltr'>prosequitur.</span> <span class='ocrx_word' id='word_1_921' title='bbox 1746 2868 1750 2879; x_wconf 36' lang='lat' dir='ltr'>i</span> <span class='ocrx_word' id='word_1_922' title='bbox 2006 2868 2010 2872; x_wconf 80' lang='grc'><em>.</em></span> <span class='ocrx_word' id='word_1_923' title='bbox 2104 2870 2106 2872; x_wconf 98' lang='grc'>.</span> 
     </span>
    </p>

    <p class='ocr_par' dir='ltr' id='par_1_8' title="bbox 411 2890 2127 3558">
     <span class='ocr_line' id='line_1_67' title="bbox 465 2890 2122 2935; baseline -0.005 -2"><span class='ocrx_word' id='word_1_924' title='bbox 465 2903 482 2932; x_wconf 84' lang='lat' dir='ltr'>S</span> <span class='ocrx_word' id='word_1_925' title='bbox 493 2914 510 2932; x_wconf 83' lang='grc' dir='ltr'>τ</span> <span class='ocrx_word' id='word_1_926' title='bbox 524 2913 539 2931; x_wconf 78' lang='grc' dir='ltr'><strong>Α</strong></span> <span class='ocrx_word' id='word_1_927' title='bbox 551 2914 568 2932; x_wconf 88' lang='grc' dir='ltr'>τ</span> <span class='ocrx_word' id='word_1_928' title='bbox 581 2915 597 2933; x_wconf 84' lang='grc' dir='ltr'><strong><em>ν</em></strong></span> <span class='ocrx_word' id='word_1_929' title='bbox 614 2913 630 2932; x_wconf 76' lang='lat'>13</span> <span class='ocrx_word' id='word_1_930' title='bbox 646 2912 662 2930; x_wconf 71' lang='lat' dir='ltr'>a</span> <span class='ocrx_word' id='word_1_931' title='bbox 672 2911 690 2931; x_wconf 90' lang='lat' dir='ltr'>v</span> <span class='ocrx_word' id='word_1_932' title='bbox 705 2912 721 2929; x_wconf 73' lang='lat' dir='ltr'>n</span> <span class='ocrx_word' id='word_1_933' title='bbox 735 2911 752 2930; x_wconf 89' lang='grc' dir='ltr'>τ</span> <span class='ocrx_word' id='word_1_934' title='bbox 763 2909 796 2930; x_wconf 90' lang='lat' dir='ltr'>vt</span> <span class='ocrx_word' id='word_1_935' title='bbox 807 2894 1195 2935; x_wconf 86' lang='lat' dir='ltr'>ascenderent.)Remedium</span> <span class='ocrx_word' id='word_1_936' title='bbox 1205 2892 1263 2924; x_wconf 88' lang='lat' dir='ltr'>hoc</span> <span class='ocrx_word' id='word_1_937' title='bbox 1271 2891 1404 2934; x_wconf 70' lang='lat' dir='ltr'>suggessit</span> <span class='ocrx_word' id='word_1_938' title='bbox 1414 2893 1536 2933; x_wconf 82' lang='lat' dir='ltr'>Spiritus</span> <span class='ocrx_word' id='word_1_939' title='bbox 1546 2895 1603 2924; x_wconf 87' lang='lat' dir='ltr'>Dei</span> <span class='ocrx_word' id='word_1_940' title='bbox 1614 2893 1649 2923; x_wconf 89' lang='lat' dir='ltr'>ad</span> <span class='ocrx_word' id='word_1_941' title='bbox 1661 2890 1817 2924; x_wconf 86' lang='lat' dir='ltr'>tumultum</span> <span class='ocrx_word' id='word_1_942' title='bbox 1828 2891 1990 2934; x_wconf 88' lang='lat' dir='ltr'>pacandum</span> <span class='ocrx_word' id='word_1_943' title='bbox 2005 2915 2011 2927; x_wconf 92' lang='lat'>‚</span> <span class='ocrx_word' id='word_1_944' title='bbox 2022 2894 2070 2934; x_wconf 84' lang='lat' dir='ltr'>qui</span> <span class='ocrx_word' id='word_1_945' title='bbox 2081 2892 2122 2924; x_wconf 77' lang='lat' dir='ltr'>la-</span> 
     </span>
     <span class='ocr_line' id='line_1_68' title="bbox 411 2935 2122 2987; baseline -0.005 -12"><span class='ocrx_word' id='word_1_946' title='bbox 411 2944 470 2975; x_wconf 89' lang='lat' dir='ltr'>tius</span> <span class='ocrx_word' id='word_1_947' title='bbox 480 2957 581 2987; x_wconf 82' lang='lat' dir='ltr'>magna</span> <span class='ocrx_word' id='word_1_948' title='bbox 592 2956 656 2976; x_wconf 88' lang='lat' dir='ltr'>cum</span> <span class='ocrx_word' id='word_1_949' title='bbox 668 2944 796 2985; x_wconf 87' lang='lat' dir='ltr'>pernicie</span> <span class='ocrx_word' id='word_1_950' title='bbox 812 2941 921 2983; x_wconf 87' lang='lat' dir='ltr'>alioqui</span> <span class='ocrx_word' id='word_1_951' title='bbox 941 2938 1054 2982; x_wconf 80' lang='lat' dir='ltr'>grassari</span> <span class='ocrx_word' id='word_1_952' title='bbox 1071 2948 1195 2981; x_wconf 87' lang='lat' dir='ltr'>poterat.</span> <span class='ocrx_word' id='word_1_953' title='bbox 1212 2936 1289 2967; x_wconf 89' lang='lat' dir='ltr'>vnde</span> <span class='ocrx_word' id='word_1_954' title='bbox 1306 2938 1391 2967; x_wconf 88' lang='lat' dir='ltr'>etiam</span> <span class='ocrx_word' id='word_1_955' title='bbox 1411 2938 1568 2972; x_wconf 83' lang='lat' dir='ltr'>docemur,</span> <span class='ocrx_word' id='word_1_956' title='bbox 1578 2936 1743 2979; x_wconf 78' lang='lat' dir='ltr'>quaerendas</span> <span class='ocrx_word' id='word_1_957' title='bbox 1753 2935 1863 2978; x_wconf 87' lang='lat' dir='ltr'>semper</span> <span class='ocrx_word' id='word_1_958' title='bbox 1876 2936 1931 2968; x_wconf 80' lang='lat' dir='ltr'>esse</span> <span class='ocrx_word' id='word_1_959' title='bbox 1940 2938 2066 2967; x_wconf 80' lang='lat' dir='ltr'>rationes</span> <span class='ocrx_word' id='word_1_960' title='bbox 2076 2937 2122 2967; x_wconf 90' lang='lat' dir='ltr'>di-</span> 
     </span>
     <span class='ocr_line' id='line_1_69' title="bbox 411 2980 2122 3028; baseline -0.005 -8"><span class='ocrx_word' id='word_1_961' title='bbox 411 2988 514 3020; x_wconf 85' lang='lat' dir='ltr'>scordii</span> <span class='ocrx_word' id='word_1_962' title='bbox 522 3003 532 3019; x_wconf 83' lang='lat' dir='ltr'>s</span> <span class='ocrx_word' id='word_1_963' title='bbox 543 2989 673 3020; x_wconf 84' lang='lat' dir='ltr'>sedandis</span> <span class='ocrx_word' id='word_1_964' title='bbox 682 2998 759 3028; x_wconf 84' lang='lat' dir='ltr'>aptas</span> <span class='ocrx_word' id='word_1_965' title='bbox 770 2991 800 3019; x_wconf 88' lang='lat'>&amp;</span> <span class='ocrx_word' id='word_1_966' title='bbox 810 2986 993 3018; x_wconf 85' lang='lat' dir='ltr'>commodas.</span> <span class='ocrx_word' id='word_1_967' title='bbox 1003 2984 1070 3025; x_wconf 85' lang='lat' dir='ltr'>quia</span> <span class='ocrx_word' id='word_1_968' title='bbox 1079 2993 1230 3023; x_wconf 87' lang='lat' dir='ltr'>tantopere</span> <span class='ocrx_word' id='word_1_969' title='bbox 1239 2991 1339 3023; x_wconf 84' lang='lat' dir='ltr'>pacem</span> <span class='ocrx_word' id='word_1_970' title='bbox 1352 2981 1538 3012; x_wconf 88' lang='lat' dir='ltr'>commendat</span> <span class='ocrx_word' id='word_1_971' title='bbox 1549 2984 1678 3016; x_wconf 87' lang='lat' dir='ltr'>Deus,te</span> <span class='ocrx_word' id='word_1_972' title='bbox 1688 2980 1744 3021; x_wconf 86' lang='lat' dir='ltr'>ipsa</span> <span class='ocrx_word' id='word_1_973' title='bbox 1758 2981 1910 3012; x_wconf 81' lang='lat' dir='ltr'>ostendant</span> <span class='ocrx_word' id='word_1_974' title='bbox 1919 2980 2020 3011; x_wconf 83' lang='lat' dir='ltr'>fideles</span> <span class='ocrx_word' id='word_1_975' title='bbox 2036 2980 2122 3022; x_wconf 82' lang='lat' dir='ltr'>perse</span> 
     </span>
     <span class='ocr_line' id='line_1_70' title="bbox 413 3025 2122 3075; baseline -0.008 -11"><span class='ocrx_word' id='word_1_976' title='bbox 413 3043 474 3064; x_wconf 91' lang='lat' dir='ltr'>non</span> <span class='ocrx_word' id='word_1_977' title='bbox 489 3032 570 3066; x_wconf 83' lang='lat' dir='ltr'>stare,</span> <span class='ocrx_word' id='word_1_978' title='bbox 580 3032 737 3075; x_wconf 84' lang='lat' dir='ltr'>quominus</span> <span class='ocrx_word' id='word_1_979' title='bbox 746 3029 900 3072; x_wconf 86' lang='lat' dir='ltr'>tranquilla</span> <span class='ocrx_word' id='word_1_980' title='bbox 910 3028 942 3060; x_wconf 90' lang='lat' dir='ltr'>srt</span> <span class='ocrx_word' id='word_1_981' title='bbox 950 3026 1083 3059; x_wconf 77' lang='lat' dir='ltr'>Ecclesia.</span> <span class='ocrx_word' id='word_1_982' title='bbox 1105 3028 1188 3059; x_wconf 77' lang='lat' dir='ltr'>Prior</span> <span class='ocrx_word' id='word_1_983' title='bbox 1198 3026 1313 3068; x_wconf 83' lang='lat' dir='ltr'>quidem</span> <span class='ocrx_word' id='word_1_984' title='bbox 1324 3025 1427 3056; x_wconf 88' lang='lat' dir='ltr'>ordine</span> <span class='ocrx_word' id='word_1_985' title='bbox 1446 3026 1522 3067; x_wconf 84' lang='lat' dir='ltr'>apud</span> <span class='ocrx_word' id='word_1_986' title='bbox 1534 3036 1587 3057; x_wconf 85' lang='lat' dir='ltr'>eos</span> <span class='ocrx_word' id='word_1_987' title='bbox 1597 3029 1708 3066; x_wconf 84' lang='lat' dir='ltr'>semper</span> <span class='ocrx_word' id='word_1_988' title='bbox 1723 3026 1777 3056; x_wconf 88' lang='lat' dir='ltr'>etit</span> <span class='ocrx_word' id='word_1_989' title='bbox 1788 3027 1893 3057; x_wconf 88' lang='lat' dir='ltr'>veritas</span> <span class='ocrx_word' id='word_1_990' title='bbox 1903 3046 1912 3060; x_wconf 91' lang='lat'>‚</span> <span class='ocrx_word' id='word_1_991' title='bbox 1921 3035 1976 3066; x_wconf 87' lang='lat' dir='ltr'>pto</span> <span class='ocrx_word' id='word_1_992' title='bbox 1987 3035 2041 3065; x_wconf 85' lang='lat' dir='ltr'>qua</span> <span class='ocrx_word' id='word_1_993' title='bbox 2051 3025 2122 3056; x_wconf 79' lang='lat' dir='ltr'>asse-</span> 
     </span>
     <span class='ocr_line' id='line_1_71' title="bbox 415 3069 2123 3112; baseline -0.005 -3"><span class='ocrx_word' id='word_1_994' title='bbox 415 3077 502 3109; x_wconf 81' lang='lat' dir='ltr'>tenda</span> <span class='ocrx_word' id='word_1_995' title='bbox 514 3077 608 3108; x_wconf 89' lang='lat' dir='ltr'>nullos</span> <span class='ocrx_word' id='word_1_996' title='bbox 619 3076 782 3108; x_wconf 84' lang='lat' dir='ltr'>horrebunt</span> <span class='ocrx_word' id='word_1_997' title='bbox 794 3074 944 3106; x_wconf 79' lang='lat' dir='ltr'>tumultus.</span> <span class='ocrx_word' id='word_1_998' title='bbox 966 3072 1112 3103; x_wconf 87' lang='lat' dir='ltr'>feruorem</span> <span class='ocrx_word' id='word_1_999' title='bbox 1123 3082 1219 3103; x_wconf 88' lang='lat' dir='ltr'>tamen</span> <span class='ocrx_word' id='word_1_1000' title='bbox 1230 3069 1308 3112; x_wconf 71' lang='lat' dir='ltr'>suurn</span> <span class='ocrx_word' id='word_1_1001' title='bbox 1319 3069 1356 3100; x_wconf 86' lang='lat' dir='ltr'>ita</span> <span class='ocrx_word' id='word_1_1002' title='bbox 1369 3071 1632 3110; x_wconf 80' lang='lat' dir='ltr'>temperabunt,ne</span> <span class='ocrx_word' id='word_1_1003' title='bbox 1643 3080 1729 3110; x_wconf 81' lang='lat' dir='ltr'>quem</span> <span class='ocrx_word' id='word_1_1004' title='bbox 1740 3070 1870 3102; x_wconf 88' lang='lat' dir='ltr'>recusent</span> <span class='ocrx_word' id='word_1_1005' title='bbox 1886 3069 1983 3110; x_wconf 83' lang='lat' dir='ltr'>probae</span> <span class='ocrx_word' id='word_1_1006' title='bbox 1999 3080 2123 3100; x_wconf 88' lang='lat' dir='ltr'>concor-</span> 
     </span>
     <span class='ocr_line' id='line_1_72' title="bbox 417 3113 2123 3163; baseline -0.008 -11"><span class='ocrx_word' id='word_1_1007' title='bbox 417 3122 471 3152; x_wconf 77' lang='lat' dir='ltr'>diae</span> <span class='ocrx_word' id='word_1_1008' title='bbox 481 3121 612 3163; x_wconf 80' lang='lat' dir='ltr'>modun-i:</span> <span class='ocrx_word' id='word_1_1009' title='bbox 621 3120 684 3152; x_wconf 77' lang='lat' dir='ltr'>imb</span> <span class='ocrx_word' id='word_1_1010' title='bbox 694 3120 770 3151; x_wconf 87' lang='lat' dir='ltr'>vltro</span> <span class='ocrx_word' id='word_1_1011' title='bbox 780 3119 950 3160; x_wconf 80' lang='lat' dir='ltr'>excogitent</span> <span class='ocrx_word' id='word_1_1012' title='bbox 958 3115 1144 3159; x_wconf 87' lang='lat' dir='ltr'>quascunque</span> <span class='ocrx_word' id='word_1_1013' title='bbox 1153 3123 1291 3155; x_wconf 85' lang='lat' dir='ltr'>poterunt</span> <span class='ocrx_word' id='word_1_1014' title='bbox 1300 3113 1370 3146; x_wconf 84' lang='lat' dir='ltr'>vias,</span> <span class='ocrx_word' id='word_1_1015' title='bbox 1383 3116 1412 3145; x_wconf 73' lang='grc' dir='ltr'>δε</span> <span class='ocrx_word' id='word_1_1016' title='bbox 1423 3114 1566 3155; x_wconf 78' lang='lat' dir='ltr'>ingeniosi</span> <span class='ocrx_word' id='word_1_1017' title='bbox 1578 3114 1631 3145; x_wconf 80' lang='lat' dir='ltr'>sint</span> <span class='ocrx_word' id='word_1_1018' title='bbox 1647 3115 1680 3145; x_wconf 89' lang='lat' dir='ltr'>in</span> <span class='ocrx_word' id='word_1_1019' title='bbox 1689 3114 1747 3144; x_wconf 90' lang='lat' dir='ltr'>illis</span> <span class='ocrx_word' id='word_1_1020' title='bbox 1765 3113 1935 3156; x_wconf 81' lang='lat' dir='ltr'>quaerendis.</span> <span class='ocrx_word' id='word_1_1021' title='bbox 1959 3116 2025 3145; x_wconf 71' lang='lat' dir='ltr'>Haec</span> <span class='ocrx_word' id='word_1_1022' title='bbox 2035 3114 2123 3156; x_wconf 65' lang='lat' dir='ltr'>igitur</span> 
     </span>
     <span class='ocr_line' id='line_1_73' title="bbox 417 3155 2124 3199; baseline -0.006 -2"><span class='ocrx_word' id='word_1_1023' title='bbox 417 3166 504 3199; x_wconf 86' lang='lat' dir='ltr'>nobis</span> <span class='ocrx_word' id='word_1_1024' title='bbox 514 3165 700 3196; x_wconf 83' lang='lat' dir='ltr'>mediocritas</span> <span class='ocrx_word' id='word_1_1025' title='bbox 709 3165 834 3194; x_wconf 87' lang='lat' dir='ltr'>tenenda</span> <span class='ocrx_word' id='word_1_1026' title='bbox 846 3163 895 3194; x_wconf 85' lang='lat' dir='ltr'>est:</span> <span class='ocrx_word' id='word_1_1027' title='bbox 904 3173 940 3193; x_wconf 88' lang='lat' dir='ltr'>ne</span> <span class='ocrx_word' id='word_1_1028' title='bbox 951 3160 1111 3192; x_wconf 85' lang='lat' dir='ltr'>immodica</span> <span class='ocrx_word' id='word_1_1029' title='bbox 1119 3160 1174 3191; x_wconf 89' lang='lat' dir='ltr'>zeli</span> <span class='ocrx_word' id='word_1_1030' title='bbox 1186 3157 1368 3191; x_wconf 75' lang='lat' dir='ltr'>vehementia</span> <span class='ocrx_word' id='word_1_1031' title='bbox 1377 3158 1501 3198; x_wconf 79' lang='lat' dir='ltr'>abrepti,</span> <span class='ocrx_word' id='word_1_1032' title='bbox 1511 3159 1584 3190; x_wconf 85' lang='lat' dir='ltr'>vltra</span> <span class='ocrx_word' id='word_1_1033' title='bbox 1593 3158 1682 3189; x_wconf 85' lang='lat' dir='ltr'>iustos</span> <span class='ocrx_word' id='word_1_1034' title='bbox 1690 3157 1800 3188; x_wconf 84' lang='lat' dir='ltr'>limites</span> <span class='ocrx_word' id='word_1_1035' title='bbox 1815 3155 1976 3188; x_wconf 82' lang='lat' dir='ltr'>efferamur.</span> <span class='ocrx_word' id='word_1_1036' title='bbox 1998 3158 2124 3188; x_wconf 86' lang='lat' dir='ltr'>Animo-</span> 
     </span>
     <span class='ocr_line' id='line_1_74' title="bbox 417 3200 2123 3248; baseline -0.005 -7"><span class='ocrx_word' id='word_1_1037' title='bbox 417 3210 461 3242; x_wconf 87' lang='lat' dir='ltr'>sos</span> <span class='ocrx_word' id='word_1_1038' title='bbox 471 3210 549 3241; x_wconf 90' lang='lat' dir='ltr'>enirn</span> <span class='ocrx_word' id='word_1_1039' title='bbox 559 3207 615 3240; x_wconf 78' lang='lat' dir='ltr'>esse</span> <span class='ocrx_word' id='word_1_1040' title='bbox 626 3218 679 3239; x_wconf 88' lang='lat' dir='ltr'>nos</span> <span class='ocrx_word' id='word_1_1041' title='bbox 689 3207 773 3238; x_wconf 85' lang='lat' dir='ltr'>decet</span> <span class='ocrx_word' id='word_1_1042' title='bbox 783 3219 810 3237; x_wconf 88' lang='lat' dir='ltr'>in</span> <span class='ocrx_word' id='word_1_1043' title='bbox 821 3207 989 3248; x_wconf 82' lang='lat' dir='ltr'>patrocinio</span> <span class='ocrx_word' id='word_1_1044' title='bbox 999 3216 1072 3236; x_wconf 83' lang='lat' dir='ltr'>verae</span> <span class='ocrx_word' id='word_1_1045' title='bbox 1081 3205 1230 3240; x_wconf 57' lang='lat' dir='ltr'>doctrinm,</span> <span class='ocrx_word' id='word_1_1046' title='bbox 1240 3213 1297 3234; x_wconf 93' lang='lat' dir='ltr'>non</span> <span class='ocrx_word' id='word_1_1047' title='bbox 1309 3200 1482 3242; x_wconf 62' lang='lat' dir='ltr'>praefractos,</span> <span class='ocrx_word' id='word_1_1048' title='bbox 1492 3213 1547 3233; x_wconf 90' lang='lat' dir='ltr'>nec</span> <span class='ocrx_word' id='word_1_1049' title='bbox 1558 3202 1736 3233; x_wconf 85' lang='lat' dir='ltr'>temerarios.</span> <span class='ocrx_word' id='word_1_1050' title='bbox 1757 3200 1907 3233; x_wconf 87' lang='lat' dir='ltr'>Discamus</span> <span class='ocrx_word' id='word_1_1051' title='bbox 1917 3212 1991 3243; x_wconf 86' lang='lat' dir='ltr'>ergo</span> <span class='ocrx_word' id='word_1_1052' title='bbox 2011 3203 2081 3233; x_wconf 87' lang='lat' dir='ltr'>duas</span> <span class='ocrx_word' id='word_1_1053' title='bbox 2098 3202 2123 3232; x_wconf 92' lang='lat' dir='ltr'>i-</span> 
     </span>
     <span class='ocr_line' id='line_1_75' title="bbox 416 3246 2127 3294; baseline -0.005 -10"><span class='ocrx_word' id='word_1_1054' title='bbox 416 3255 471 3285; x_wconf 88' lang='lat' dir='ltr'>stas</span> <span class='ocrx_word' id='word_1_1055' title='bbox 483 3254 617 3288; x_wconf 88' lang='lat' dir='ltr'>virtutes,</span> <span class='ocrx_word' id='word_1_1056' title='bbox 627 3262 697 3294; x_wconf 85' lang='lat' dir='ltr'>quas</span> <span class='ocrx_word' id='word_1_1057' title='bbox 707 3252 838 3281; x_wconf 83' lang='lat' dir='ltr'>inPaulo</span> <span class='ocrx_word' id='word_1_1058' title='bbox 848 3252 946 3281; x_wconf 85' lang='lat' dir='ltr'>laudat</span> <span class='ocrx_word' id='word_1_1059' title='bbox 954 3250 1076 3291; x_wconf 88' lang='lat' dir='ltr'>Spiritus</span> <span class='ocrx_word' id='word_1_1060' title='bbox 1086 3249 1349 3288; x_wconf 83' lang='lat' dir='ltr'>Dei,coniungere-</span> <span class='ocrx_word' id='word_1_1061' title='bbox 1372 3248 1451 3276; x_wconf 87' lang='lat' dir='ltr'>Dum</span> <span class='ocrx_word' id='word_1_1062' title='bbox 1461 3248 1489 3276; x_wconf 90' lang='lat' dir='ltr'>in</span> <span class='ocrx_word' id='word_1_1063' title='bbox 1502 3257 1616 3277; x_wconf 87' lang='lat' dir='ltr'>arenam</span> <span class='ocrx_word' id='word_1_1064' title='bbox 1627 3247 1799 3287; x_wconf 85' lang='lat' dir='ltr'>pertrahitur</span> <span class='ocrx_word' id='word_1_1065' title='bbox 1810 3246 1847 3275; x_wconf 88' lang='lat' dir='ltr'>ab</span> <span class='ocrx_word' id='word_1_1066' title='bbox 1858 3246 2015 3287; x_wconf 81' lang='lat' dir='ltr'>improbis,</span> <span class='ocrx_word' id='word_1_1067' title='bbox 2023 3247 2127 3276; x_wconf 84' lang='lat' dir='ltr'>corda-</span> 
     </span>
     <span class='ocr_line' id='line_1_76' title="bbox 417 3289 2124 3336; baseline -0.005 -8"><span class='ocrx_word' id='word_1_1068' title='bbox 417 3297 446 3329; x_wconf 77' lang='grc' dir='ltr'>[ὲ</span> <span class='ocrx_word' id='word_1_1069' title='bbox 454 3298 480 3328; x_wconf 92' lang='lat' dir='ltr'>se</span> <span class='ocrx_word' id='word_1_1070' title='bbox 489 3298 593 3336; x_wconf 57' lang='lat' dir='ltr'>offer-qt</span> <span class='ocrx_word' id='word_1_1071' title='bbox 603 3307 662 3328; x_wconf 91' lang='lat' dir='ltr'>non</span> <span class='ocrx_word' id='word_1_1072' title='bbox 673 3295 797 3327; x_wconf 89' lang='lat' dir='ltr'>dubitat:</span> <span class='ocrx_word' id='word_1_1073' title='bbox 809 3295 854 3325; x_wconf 90' lang='lat' dir='ltr'>sed</span> <span class='ocrx_word' id='word_1_1074' title='bbox 863 3295 993 3325; x_wconf 88' lang='lat' dir='ltr'>oblatum</span> <span class='ocrx_word' id='word_1_1075' title='bbox 1003 3294 1166 3324; x_wconf 85' lang='lat' dir='ltr'>remedium</span> <span class='ocrx_word' id='word_1_1076' title='bbox 1177 3291 1288 3334; x_wconf 71' lang='lat' dir='ltr'>placide</span> <span class='ocrx_word' id='word_1_1077' title='bbox 1297 3289 1452 3322; x_wconf 87' lang='lat' dir='ltr'>admittens</span> <span class='ocrx_word' id='word_1_1078' title='bbox 1465 3312 1472 3324; x_wconf 89' lang='lat'>‚</span> <span class='ocrx_word' id='word_1_1079' title='bbox 1482 3289 1566 3321; x_wconf 78' lang='lat' dir='ltr'>facile</span> <span class='ocrx_word' id='word_1_1080' title='bbox 1575 3292 1750 3321; x_wconf 70' lang='lat' dir='ltr'>demonstrat</span> <span class='ocrx_word' id='word_1_1081' title='bbox 1759 3289 1844 3330; x_wconf 74' lang='lat' dir='ltr'>qnam</span> <span class='ocrx_word' id='word_1_1082' title='bbox 1856 3301 1914 3320; x_wconf 86' lang='lat' dir='ltr'>non</span> <span class='ocrx_word' id='word_1_1083' title='bbox 1926 3289 1957 3322; x_wconf 83' lang='lat' dir='ltr'>sit</span> <span class='ocrx_word' id='word_1_1084' title='bbox 1974 3289 2124 3332; x_wconf 85' lang='lat' dir='ltr'>pugnandi</span> 
     </span>
     <span class='ocr_line' id='line_1_77' title="bbox 419 3332 2126 3382; baseline -0.004 -11"><span class='ocrx_word' id='word_1_1085' title='bbox 419 3342 549 3380; x_wconf 87' lang='lat' dir='ltr'>cupidus.</span> <span class='ocrx_word' id='word_1_1086' title='bbox 557 3341 668 3382; x_wconf 82' lang='lat' dir='ltr'>alioqui</span> <span class='ocrx_word' id='word_1_1087' title='bbox 679 3339 756 3370; x_wconf 89' lang='lat' dir='ltr'>enirn</span> <span class='ocrx_word' id='word_1_1088' title='bbox 766 3339 868 3370; x_wconf 63' lang='lat' dir='ltr'>iaCtare</span> <span class='ocrx_word' id='word_1_1089' title='bbox 876 3338 995 3371; x_wconf 84' lang='lat' dir='ltr'>licebat,</span> <span class='ocrx_word' id='word_1_1090' title='bbox 1005 3338 1077 3367; x_wconf 85' lang='lat' dir='ltr'>nihil</span> <span class='ocrx_word' id='word_1_1091' title='bbox 1088 3336 1114 3367; x_wconf 89' lang='lat' dir='ltr'>se</span> <span class='ocrx_word' id='word_1_1092' title='bbox 1124 3337 1229 3368; x_wconf 88' lang='lat' dir='ltr'>morari</span> <span class='ocrx_word' id='word_1_1093' title='bbox 1238 3334 1409 3376; x_wconf 83' lang='lat' dir='ltr'>Apostolos,</span> <span class='ocrx_word' id='word_1_1094' title='bbox 1419 3345 1451 3364; x_wconf 88' lang='lat' dir='ltr'>ac</span> <span class='ocrx_word' id='word_1_1095' title='bbox 1461 3335 1648 3374; x_wconf 80' lang='lat' dir='ltr'>pertinaciter</span> <span class='ocrx_word' id='word_1_1096' title='bbox 1658 3335 1686 3364; x_wconf 90' lang='lat' dir='ltr'>in</span> <span class='ocrx_word' id='word_1_1097' title='bbox 1698 3344 1734 3364; x_wconf 91' lang='lat' dir='ltr'>eo</span> <span class='ocrx_word' id='word_1_1098' title='bbox 1746 3332 1881 3365; x_wconf 79' lang='lat' dir='ltr'>insistere.</span> <span class='ocrx_word' id='word_1_1099' title='bbox 1890 3334 1937 3365; x_wconf 88' lang='lat' dir='ltr'>sed</span> <span class='ocrx_word' id='word_1_1100' title='bbox 1947 3345 2005 3365; x_wconf 83' lang='lat' dir='ltr'>non</span> <span class='ocrx_word' id='word_1_1101' title='bbox 2017 3335 2126 3374; x_wconf 80' lang='lat' dir='ltr'>permi-</span> 
     </span>
     <span class='ocr_line' id='line_1_78' title="bbox 417 3375 2127 3426; baseline -0.003 -13"><span class='ocrx_word' id='word_1_1102' title='bbox 417 3383 451 3414; x_wconf 85' lang='lat' dir='ltr'>fit</span> <span class='ocrx_word' id='word_1_1103' title='bbox 462 3384 583 3416; x_wconf 86' lang='lat' dir='ltr'>studium</span> <span class='ocrx_word' id='word_1_1104' title='bbox 596 3383 774 3426; x_wconf 78' lang='lat' dir='ltr'>pacis,illott&#39;i</span> <span class='ocrx_word' id='word_1_1105' title='bbox 785 3383 924 3413; x_wconf 85' lang='lat' dir='ltr'>iudicium</span> <span class='ocrx_word' id='word_1_1106' title='bbox 936 3381 1135 3422; x_wconf 73' lang='lat' dir='ltr'>sugere-Adde</span> <span class='ocrx_word' id='word_1_1107' title='bbox 1144 3380 1224 3421; x_wconf 89' lang='lat' dir='ltr'>quod</span> <span class='ocrx_word' id='word_1_1108' title='bbox 1236 3379 1356 3411; x_wconf 87' lang='lat' dir='ltr'>rudibus</span> <span class='ocrx_word' id='word_1_1109' title='bbox 1367 3377 1528 3409; x_wconf 80' lang='lat' dir='ltr'>&amp;infirmis</span> <span class='ocrx_word' id='word_1_1110' title='bbox 1538 3379 1641 3409; x_wconf 66' lang='lat' dir='ltr'>iniessa</span> <span class='ocrx_word' id='word_1_1111' title='bbox 1653 3377 1744 3409; x_wconf 76' lang='lat' dir='ltr'>fuisset</span> <span class='ocrx_word' id='word_1_1112' title='bbox 1755 3375 1860 3408; x_wconf 81' lang='lat' dir='ltr'>sinistra</span> <span class='ocrx_word' id='word_1_1113' title='bbox 1869 3376 2003 3419; x_wconf 67' lang='lat' dir='ltr'>opinimfi</span> <span class='ocrx_word' id='word_1_1114' title='bbox 2015 3378 2127 3420; x_wconf 70' lang='lat' dir='ltr'>precise</span> 
     </span>
     <span class='ocr_line' id='line_1_79' title="bbox 418 3421 2127 3463; baseline -0.005 -4"><span class='ocrx_word' id='word_1_1115' title='bbox 418 3428 493 3459; x_wconf 88' lang='lat' dir='ltr'>duos</span> <span class='ocrx_word' id='word_1_1116' title='bbox 502 3427 636 3460; x_wconf 85' lang='lat' dir='ltr'>homines</span> <span class='ocrx_word' id='word_1_1117' title='bbox 646 3430 682 3459; x_wconf 84' lang='lat' dir='ltr'>ab</span> <span class='ocrx_word' id='word_1_1118' title='bbox 694 3429 833 3459; x_wconf 89' lang='lat' dir='ltr'>omnibus</span> <span class='ocrx_word' id='word_1_1119' title='bbox 844 3426 949 3456; x_wconf 83' lang='lat' dir='ltr'>Christi</span> <span class='ocrx_word' id='word_1_1120' title='bbox 960 3424 1047 3455; x_wconf 88' lang='lat' dir='ltr'>seruis</span> <span class='ocrx_word' id='word_1_1121' title='bbox 1056 3424 1213 3456; x_wconf 71' lang='lat' dir='ltr'>disiunctos</span> <span class='ocrx_word' id='word_1_1122' title='bbox 1221 3422 1279 3456; x_wconf 81' lang='lat' dir='ltr'>effe</span> <span class='ocrx_word' id='word_1_1123' title='bbox 1287 3421 1428 3454; x_wconf 79' lang='lat' dir='ltr'>vidifl&#39;ent.</span> <span class='ocrx_word' id='word_1_1124' title='bbox 1443 3422 1564 3454; x_wconf 75' lang='lat' dir='ltr'>Minime</span> <span class='ocrx_word' id='word_1_1125' title='bbox 1572 3433 1666 3454; x_wconf 87' lang='lat' dir='ltr'>autem</span> <span class='ocrx_word' id='word_1_1126' title='bbox 1679 3421 1851 3463; x_wconf 84' lang='lat' dir='ltr'>negligenda</span> <span class='ocrx_word' id='word_1_1127' title='bbox 1862 3422 1900 3453; x_wconf 74' lang='lat' dir='ltr'>esi</span> <span class='ocrx_word' id='word_1_1128' title='bbox 1911 3422 1966 3462; x_wconf 82' lang='lat' dir='ltr'>piis</span> <span class='ocrx_word' id='word_1_1129' title='bbox 1985 3422 2127 3455; x_wconf 59' lang='lat' dir='ltr'>Dederi-</span> 
     </span>
     <span class='ocr_line' id='line_1_80' title="bbox 414 3465 2124 3506; baseline -0.004 -4"><span class='ocrx_word' id='word_1_1130' title='bbox 414 3471 469 3502; x_wconf 92' lang='lat' dir='ltr'>bus</span> <span class='ocrx_word' id='word_1_1131' title='bbox 480 3471 528 3501; x_wconf 73' lang='lat' dir='ltr'>ista</span> <span class='ocrx_word' id='word_1_1132' title='bbox 536 3470 667 3503; x_wconf 83' lang='lat' dir='ltr'>fouendae</span> <span class='ocrx_word' id='word_1_1133' title='bbox 678 3472 746 3503; x_wconf 88' lang='lat' dir='ltr'>fidei</span> <span class='ocrx_word' id='word_1_1134' title='bbox 757 3476 875 3505; x_wconf 52' lang='lat' dir='ltr'>ratiost:</span> <span class='ocrx_word' id='word_1_1135' title='bbox 885 3468 935 3499; x_wconf 83' lang='lat' dir='ltr'>fibi</span> <span class='ocrx_word' id='word_1_1136' title='bbox 946 3467 1111 3499; x_wconf 87' lang='lat' dir='ltr'>consensum</span> <span class='ocrx_word' id='word_1_1137' title='bbox 1122 3480 1187 3500; x_wconf 86' lang='lat' dir='ltr'>curn</span> <span class='ocrx_word' id='word_1_1138' title='bbox 1196 3466 1318 3500; x_wconf 78' lang='lat' dir='ltr'>Ecclesia</span> <span class='ocrx_word' id='word_1_1139' title='bbox 1331 3465 1386 3498; x_wconf 79' lang='lat' dir='ltr'>esse</span> <span class='ocrx_word' id='word_1_1140' title='bbox 1394 3465 1557 3498; x_wconf 90' lang='lat' dir='ltr'>ostendant.</span> <span class='ocrx_word' id='word_1_1141' title='bbox 1568 3471 1636 3498; x_wconf 91' lang='lat' dir='ltr'>Non</span> <span class='ocrx_word' id='word_1_1142' title='bbox 1647 3465 1771 3506; x_wconf 70' lang='lat' dir='ltr'>pedebat</span> <span class='ocrx_word' id='word_1_1143' title='bbox 1783 3466 1900 3506; x_wconf 85' lang='lat' dir='ltr'>quidem</span> <span class='ocrx_word' id='word_1_1144' title='bbox 1910 3466 2013 3497; x_wconf 83' lang='lat' dir='ltr'>Paulus</span> <span class='ocrx_word' id='word_1_1145' title='bbox 2022 3466 2037 3497; x_wconf 71' lang='lat' dir='ltr'>a</span> <span class='ocrx_word' id='word_1_1146' title='bbox 2052 3475 2124 3496; x_wconf 77' lang='lat' dir='ltr'>nutu</span> 
     </span>
     <span class='ocr_line' id='line_1_81' title="bbox 415 3507 2125 3558; baseline -0.006 -10"><span class='ocrx_word' id='word_1_1147' title='bbox 415 3515 637 3558; x_wconf 84' lang='lat' dir='ltr'>Apostolorum,</span> <span class='ocrx_word' id='word_1_1148' title='bbox 646 3527 677 3548; x_wconf 89' lang='lat' dir='ltr'>vt</span> <span class='ocrx_word' id='word_1_1149' title='bbox 687 3515 860 3552; x_wconf 81' lang='lat' dir='ltr'>sententiam</span> <span class='ocrx_word' id='word_1_1150' title='bbox 869 3522 1006 3548; x_wconf 82' lang='lat' dir='ltr'>mutaret,</span> <span class='ocrx_word' id='word_1_1151' title='bbox 1017 3511 1036 3544; x_wconf 86' lang='lat' dir='ltr'>si</span> <span class='ocrx_word' id='word_1_1152' title='bbox 1044 3512 1112 3544; x_wconf 85' lang='lat' dir='ltr'>illos</span> <span class='ocrx_word' id='word_1_1153' title='bbox 1120 3521 1253 3554; x_wconf 83' lang='lat' dir='ltr'>expertus</span> <span class='ocrx_word' id='word_1_1154' title='bbox 1272 3509 1340 3544; x_wconf 86' lang='lat' dir='ltr'>esset</span> <span class='ocrx_word' id='word_1_1155' title='bbox 1348 3510 1401 3544; x_wconf 83' lang='lat' dir='ltr'>sibi</span> <span class='ocrx_word' id='word_1_1156' title='bbox 1416 3510 1550 3543; x_wconf 85' lang='lat' dir='ltr'>aduersos</span> <span class='ocrx_word' id='word_1_1157' title='bbox 1561 3533 1569 3547; x_wconf 95' lang='lat'>‚</span> <span class='ocrx_word' id='word_1_1158' title='bbox 1584 3510 1675 3552; x_wconf 86' lang='lat' dir='ltr'>vt&#39;qui</span> <span class='ocrx_word' id='word_1_1159' title='bbox 1684 3520 1719 3542; x_wconf 84' lang='lat' dir='ltr'>ne</span> <span class='ocrx_word' id='word_1_1160' title='bbox 1730 3510 1853 3552; x_wconf 78' lang='lat' dir='ltr'>Angelis</span> <span class='ocrx_word' id='word_1_1161' title='bbox 1864 3511 1983 3553; x_wconf 86' lang='lat' dir='ltr'>quidem</span> <span class='ocrx_word' id='word_1_1162' title='bbox 1998 3507 2125 3541; x_wconf 75' lang='lat' dir='ltr'>cessurus</span> 
     </span>
    </p>

    <p class='ocr_par' dir='ltr' id='par_1_9' title="bbox 2053 3563 2125 3589">
     <span class='ocr_line' id='line_1_82' title="bbox 2053 3563 2125 3589; baseline -0.014 -5"><span class='ocrx_word' id='word_1_1163' title='bbox 2053 3563 2125 3589; x_wconf 79' lang='lat' dir='ltr'>erat,</span> 
     </span>
    </p>
   </div>
   <div class='ocr_carea' id='block_1_5' title="bbox 2225 0 2310 3326">
    <p class='ocr_par' dir='ltr' id='par_1_10' title="bbox 2225 0 2310 3326">
     <span class='ocr_line' id='line_1_83' title="bbox 2225 0 2310 3326; baseline 0 0"><span class='ocrx_word' id='word_1_1164' title='bbox 2225 0 2310 3326; x_wconf 95' lang='lat' dir='ltr'> </span> 
     </span>
    </p>
   </div>
  </div>
 </body>
</html>
