2310 3841
89 220 227 264 praedicat
247 243 257 259 ,
282 220 330 254 sed
350 220 449 264 potius
468 217 664 262 intelligimus
689 213 837 253 feruidum
857 223 889 253 δε
912 220 1056 253 effraenem
1082 221 1238 263 impetum.
1260 252 1263 261 y
1288 213 1437 262 Qiam'ui‘s
1453 218 1532 253 enirn
1551 221 1603 253 fibi
1622 223 1694 255 male
1709 229 1821 270 conseq·

88 265 143 298 fint
154 267 284 310 reprobi,
295 269 345 308 qni
356 266 477 298 scientes
486 275 659 306 oppugnant
667 267 820 306 pietatem,
832 265 929 297 fillaci
939 274 1037 298 tamen
1048 266 1104 298 zeli
1113 267 1208 308 specie
1215 262 1241 297 se
1249 265 1415 307 decipiunt,
1426 268 1493 307 quia
1504 269 1608 299 iustum
1619 268 1648 304 sit
1661 269 1749 300 rebus
1764 283 1816 301 ηρ.

87 312 357 344 uisoccurrere.1ta
367 309 455 342 hodie
465 308 527 340 fere
536 310 564 339 in
576 319 641 340 toto
663 312 773 350 l'apntu
783 310 844 342 solo
855 310 912 341 zeli
929 311 1050 342 nomine
1057 309 1113 342 sese
1129 311 1296 342 venditant:
1306 316 1397 352 quum
1410 314 1508 341 tamen
1520 312 1623 343 zelor-,e
1632 309 1684 343 sint
1702 325 1783 345 venti
1793 318 1814 346 is

83 354 139 386 fui.
149 356 204 387 Sed
214 364 248 386 vt
257 355 359 387 demus
369 365 470 387 verum
481 351 537 384 esse
548 354 628 394 quod
638 353 821 390 obtendunt,
830 356 901 397 quid
913 354 970 386 hoc
980 355 1016 387 ad
1027 356 1221 388 excusandum
1231 354 1340 386 saeuitiae
1348 353 1482 386 ardorem
1498 365 1558 397 quo
1570 362 1621 387 eos
1632 358 1756 398 impellit
1768 358 1814 390 sua

87 400 209 431 caecitas?
218 399 295 440 quasi
307 400 377 432 verb
387 400 444 430 haec
453 398 563 430 summa
573 396 606 430 fit
625 398 726 432 virtus,
737 397 820 430 fraena
831 399 984 430 iracundiae
1001 399 1053 430 suae
1060 399 1155 430 laxare
1166 400 1201 430 ad
1212 398 1421 431 vindicandum
1444 398 1586 441 quicquid
1597 401 1737 443 displicet.
1761 407 1813 434 At.

86 444 150 486 qui,
158 444 218 475 hoc
229 445 333 476 ordine
344 444 422 485 prius
433 452 504 474 erat:
513 442 622 473 habere
633 442 705 474 boni
716 445 747 474 δι
758 445 823 474 mali
834 443 986 476 discrimen
997 464 1006 478 ,
1017 455 1054 474 ne
1062 443 1173 475 temere
1182 445 1338 486 quicquam
1352 445 1547 484 improbetur.

130 499 161 522 ¹9
194 491 219 518 A
231 499 250 518 n
267 497 286 517 G
300 499 316 518 Β
328 498 343 519 ι
357 500 374 519 v
392 498 404 517 s
434 500 450 518 Α
463 498 481 519 ν
492 499 508 518 τ
522 498 538 518 ε
550 498 572 518 m
597 498 617 518 ι)
631 499 648 517 o
664 499 684 516 m
701 497 711 516 1
725 498 742 516 Ν
755 493 800 526 ι.)
823 489 928 520 Eduxit
939 485 1257 530 ApostolosDominus
1273 484 1513 527 erra-arceremon
1524 481 1604 530 quod
1617 487 1814 530 pr'orsii'slihessa

83 541 164 563 ratos
174 533 263 564 vellet
274 542 308 564 ex
317 543 404 565 manu
413 532 548 564 hostium:
559 534 656 574 postea
667 533 746 563 enim
762 534 867 563 retrahi
879 533 984 564 iterum
994 532 1087 574 ipsos,
1100 531 1245 576 virgisque
1264 531 1332 565 caedi
1352 530 1445 572 passus
1463 532 1512 564 esi.
1534 535 1590 563 Sed
1601 533 1658 565 hoc
1669 535 1813 567 niiracul‘d

83 576 219 609 testatum
230 576 288 609 effe
300 576 393 609 voluit
403 599 412 613 ,
427 578 455 608 in
466 584 552 607 manu
562 575 711 618 tutelique
721 574 766 607 sua
776 576 853 618 ipsos
863 575 928 613 esse,
937 577 972 608 ad
983 575 1072 609 fidem
1083 579 1245 621 Euangelio
1263 578 1312 608 suo
1323 575 1510 608 asserendam:
1521 577 1626 617 partim
1638 580 1668 610 th
1680 588 1755 610 nou·
1768 580 1812 611 in-

84 622 121 653 de
132 621 319 653 confirmatio
330 621 460 653 Ecclefiae
469 621 633 653 accederet:
643 622 746 662 partim
757 631 789 652 vt
799 623 897 663 impiis
906 621 1057 654 tolleretur
1068 624 1167 654 omnis
1178 620 1333 653 excusatio:
1344 632 1432 663 quare
1442 633 1500 652 non
1519 621 1629 662 semper
1639 619 1809 665 sperandum

83 666 126 697 est
135 688 144 702 ,
155 664 188 697 ac
197 677 234 697 ne
244 667 408 707 optandum
419 667 538 708 quidem
549 687 558 701 ,
572 675 601 696 vr
611 667 693 696 Deus
704 676 757 696 nos
767 666 782 696 a
792 677 888 697 morte
900 656 1013 709 eripiat:
1022 665 1070 698 sed
1079 677 1240 698 contentos
1251 670 1308 698 hoc
1320 677 1379 697 vno
1389 664 1445 697 else
1463 666 1547 697 decer
1559 685 1568 697 ,
1579 668 1670 698 viram
1684 670 1810 700 nollrarri

83 711 147 741 eius
157 721 243 741 manu
254 712 370 752 protegi
382 721 525 753 quatenus
534 710 662 751 expedit.
707 710 799 748 de
813 712 919 753 Angeli
929 718 1018 752 opera
1026 710 1061 742 ad
1073 712 1131 742 hoc
1142 712 1233 743 Vtirur
1245 733 1254 747 ,
1266 713 1294 743 id
1307 709 1375 742 facit
1385 721 1419 741 ex
1429 712 1577 743 ordinario
1587 711 1636 742 suo
1648 713 1810 744 inoreznarri

82 755 181 796 paffim
192 756 220 785 in
233 755 380 796 Scriptura
390 757 504 787 testatur
514 776 522 790 ‚
533 755 664 795 Angelos
675 754 876 786 beneficentiae
892 766 959 798 erga
972 766 1026 786 nos
1035 755 1086 786 suae
1096 756 1242 786 ministros
1258 754 1324 786 esse.
1352 757 1457 796 Neque
1467 759 1499 786 'ea
1519 757 1559 787 est
1579 757 1672 787 inanis
1685 755 1812 799 specula-

81 799 136 830 tio.
174 798 219 830 Est
228 801 306 830 enim
319 801 375 831 hoc
388 800 458 831 vtile
470 798 566 830 nostrat
579 798 939 835 infirmitatissubfidium,
956 798 1038 841 qubd
1050 800 1152 829 scimus
1171 810 1231 829 non
1250 799 1340 830 modb
1352 802 1450 830 Deum
1469 810 1565 831 curam
1583 797 1692 833 habere
1710 801 1812 838 nostri3

80 841 130 874 sed
141 842 256 885 spiritus
267 845 355 876 eriam
365 845 487 876 caelestes
497 853 550 885 pro
558 841 645 874 salute
657 842 750 874 nostra
762 843 902 874 excubias
910 853 1006 885 ageret
1041 844 1160 876 Deinde
1180 852 1237 873 nen
1249 844 1368 885 vulgare
1387 845 1443 876 hoc
1461 840 1553 876 diuini
1565 856 1630 888 erga
1641 847 1695 877 nos
1705 848 1813 878 amoris

79 887 200 931 pignus,
211 889 293 930 quod
303 899 438 921 creaturae
447 888 581 918 omnium
593 886 816 918 nobiliffimaead
835 887 953 919 salutem
969 887 1094 918 nostram
1112 887 1269 918 curandam
1288 889 1427 919 ordinatae
1444 889 1514 920 sunt.
1537 890 1633 920 Nocte
1643 897 1741 922 autem
1753 894 1814 922 An·

78 935 164 975 gelus
173 942 319 964 carcerem
329 933 430 973 aperit:
439 932 506 975 quia
514 931 684 974 miraculum
694 942 793 963 coram
802 932 960 974 impiorum
974 933 1068 963 oculis
1079 932 1168 962 edere
1189 932 1312 963 nolebat
1324 944 1328 961 :
1341 943 1504 975 quanquam
1514 936 1626 966 editum
1638 936 1729 967 vellet
1741 945 1774 967 ex
1785 939 1816 968 ελ

78 984 168 1008 uentu
180 976 376 1019 ipsoagnosci.

113 1033 147 1052 zo
182 1025 366 1058 Loniumr
377 1030 422 1051 *m
447 1026 598 1058 remoto.)
608 1020 664 1051 Hic
672 1010 713 1052 est
722 1019 910 1051 liherationis
922 1020 988 1052 finis
999 1039 1008 1053 ‚
1029 1026 1059 1052 vt
1071 1020 1186 1052 strenue
1194 1025 1313 1063 operam
1331 1020 1407 1052 suam
1428 1020 1599 1061 impendere
1609 1033 1729 1066 pergant
1739 1024 1766 1055 in
1777 1024 1813 1055 Ε-

79 1066 221 1107 uangelio
232 1064 417 1107 praedicando
429 1086 437 1099 ‚
449 1067 479 1095 δι
491 1063 762 1096 animosela'cessant
773 1064 837 1096 suos
847 1065 945 1096 hostes
955 1087 964 1101 ‚
975 1070 1070 1097 donec
1083 1063 1200 1096 fortiter
1221 1067 1411 1097 occumbant.
1443 1066 1578 1097 Tandem
1594 1079 1672 1098 enin-i
1698 1070 1817 1109 perseio?

78 1109 130 1141 suo
139 1110 220 1141 cursu
231 1131 242 1145 ,
252 1109 417 1151 quiescente
426 1112 484 1140 Dei
495 1119 582 1140 manu
594 1109 630 1140 ad
641 1120 765 1140 mortem
777 1109 860 1140 tra-sti
873 1109 945 1141 sunt.
971 1109 1028 1141 Sed
1040 1120 1118 1141 nunc
1139 1109 1290 1142 Dominus
1306 1111 1364 1141 illis
1382 1114 1529 1141 carcerem
1547 1113 1639 1151 aperit
1650 1135 1659 1148 ,
1680 1122 1710 1144 vr
1728 1114 1816 1144 liberi

78 1153 135 1185 fint
144 1155 178 1185 ad
190 1164 297 1186 munus
307 1153 386 1185 suum
399 1154 615 1195 exequendum·
649 1154 683 1185 1d
695 1154 849 1186 obseruatu
858 1155 983 1197 dignum
993 1154 1033 1186 est
1044 1176 1052 1190 ,
1065 1157 1131 1196 quia
1152 1155 1306 1196 plerosque
1314 1153 1449 1186 videmus
1460 1177 1468 1189 ‚
1483 1153 1502 1185 fi
1514 1156 1656 1187 euaserint
1675 1167 1708 1187 ex
1718 1158 1814 1200 aliqua

77 1198 283 1240 persecutione
294 1218 303 1233 ‚
317 1193 524 1230 ‘obmutescere
535 1200 564 1229 in
578 1199 723 1239 posterum
734 1218 743 1233 ,
759 1198 836 1242 quali
848 1208 916 1241 erga
925 1201 1023 1231 Deum
1040 1199 1172 1230 defundi
1182 1199 1254 1231 sint:
1271 1200 1319 1241 alij
1330 1201 1416 1230 eriam
1429 1199 1503 1230 viam
1517 1199 1569 1230 fibi
1587 1200 1694 1232 faciunt
1706 1202 1815 1233 Christi

78 1244 290 1284 abnegatione.
316 1245 465 1274 Dominus
476 1253 574 1274 autem
586 1242 651 1273 suos
662 1243 768 1275 liberat
777 1265 786 1278 ,
796 1249 857 1274 non
868 1253 899 1274 vt
908 1242 1018 1275 cessent
1028 1243 1064 1274 ab
1074 1244 1212 1285 incoepto
1223 1243 1305 1275 cursu
1318 1267 1326 1280 ‚
1340 1243 1386 1275 sed
1395 1244 1487 1286 magis
1504 1254 1533 1275 vt
1545 1245 1572 1274 in
1583 1246 1729 1288 reliquum
1739 1257 1815 1278 rem-

77 1298 133 1329 pus
143 1289 207 1329 plus
216 1287 341 1318 feruoris
351 1289 531 1329 concipiant.
552 1289 692 1318 Poterant
703 1288 822 1330 quidem
841 1288 975 1320 obiicere
991 1288 1123 1330 Apostoli
1136 1299 1145 1323 3
1156 1290 1249 1320 Satius
1259 1288 1299 1320 est
1307 1287 1388 1319 silere
1408 1290 1443 1320 ad
1455 1289 1571 1329 tempus
1583 1310 1592 1324 ,
1609 1285 1729 1331 quando
1750 1296 1813 1322 verb

76 1332 150 1363 bum
160 1332 268 1374 absque
277 1332 410 1373 periculo
419 1343 478 1364 non
490 1331 585 1362 sumus
604 1329 719 1363 facruri.
743 1335 829 1363 Nunc
847 1334 923 1373 capti
935 1338 1069 1364 tenemur
1080 1333 1120 1363 ob
1140 1344 1227 1363 vnam
1247 1336 1425 1364 concionem
1437 1354 1446 1367 ,
1465 1341 1678 1376 quantomagis
1693 1335 1812 1377 posthac

73 1372 319 1407 fimflammabitur
328 1377 454 1407 hostium
464 1376 560 1407 rabies
569 1375 606 1411 ‚fi
617 1377 747 1409 viderint
756 1375 869 1408 nullum
879 1387 933 1408 nos
942 1376 1030 1408 finem
1041 1376 1150 1408 faceret
1174 1377 1229 1408 Sed
1241 1379 1306 1418 quia
1324 1377 1486 1410 viuendum
1497 1374 1669 1411 Domino&
1683 1381 1811 1411 morien-

76 1421 149 1452 dum
159 1419 215 1451 esse
225 1431 334 1453 norunt
344 1443 353 1457 ‚
364 1432 423 1452 non
434 1420 599 1452 detrectant
610 1421 792 1452 mandatum.
811 1424 950 1463 Ita,·quas
960 1421 1048 1452 nobis
1059 1424 1142 1453 Deus
1153 1432 1249 1462 partes
1259 1423 1394 1465 iniungat
1404 1435 1412 1456 ,-
1425 1422 1536 1464 semper
1552 1423 1693 1464 respicere
1704 1436 1815 1456 conue=

77 1466 132 1496 nit.
164 1465 258 1497 Multa
268 1465 337 1507 saepe
346 1475 572 1506 occurrentqnae
580 1467 696 1496 animos
704 1466 817 1496 nostros
826 1466 984 1498 debilitent
993 1487 1004 1503 ,
1014 1465 1066 1497 nisi
1085 1465 1209 1508 simplici
1220 1467 1278 1498 Dei
1291 1467 1430 1498 mandato
1448 1469 1582 1499 contenti
1604 1469 1703 1499 officio
1713 1468 1813 1501 nostro'

76 1509 216 1541 instemus
226 1533 234 1546 ,
243 1509 398 1541 successum
409 1511 449 1541 illi
460 1510 718 1541 commendantes.
952 1519 960 1527 ·

121 1557 165 1584 Vs
173 1565 233 1585 nea
252 1566 333 1585 vrTAE
357 1555 473 1593 iivrvs.)
496 1552 610 1594 Insigne
620 1553 772 1596 Euangelij
782 1553 928 1595 elogium,
939 1553 1021 1596 qubd
1031 1554 1148 1586 viuifica
1157 1554 1191 1585 sit
1201 1555 1333 1586 doEkrina
1345 1577 1354 1590 ,
1363 1555 1482 1586 salutem
1494 1554 1668 1588 hominibus
1678 1554 1808 1591 afferens.
1938 1592 1944 1599 4

73 1598 181 1629 Patent
193 1598 272 1628 enim
281 1599 342 1629 illic
355 1598 441 1629 nobis
450 1597 506 1628 Dei
517 1597 634 1632 iustitia,
643 1600 673 1629 &
685 1598 819 1629 Christus
829 1599 888 1629 illic
899 1598 925 1629 se
934 1599 1024 1629 nobis
1033 1597 1118 1630 offert
1129 1610 1195 1629 cum
1205 1598 1345 1629 sacrificio
1359 1601 1460 1630 inoriis
1469 1599 1530 1634 suae,
1540 1605 1605 1631 curn
1617 1601 1715 1643 spiritu
1727 1615 1809 1646 rege-
1823 1599 1954 1631 Ro-ss-bd'ffi

73 1642 249 1677 nerationis‚
259 1652 326 1673 cum
338 1642 443 1673 diuiiiae
451 1641 623 1683 adoptionis
631 1642 724 1672 arrha.
759 1646 856 1683 Atque
865 1641 923 1673 hoc
933 1644 1108 1674 nominarim
1118 1643 1270 1684 Apollolis
1286 1645 1392 1685 dicitur
1404 1663 1413 1677 ,
1425 1655 1454 1674 vt
1462 1645 1618 1676 animosius
1630 1649 1737 1687 qua-uis
1747 1659 1810 1680 cer-

73 1688 184 1718 tamina
193 1697 247 1728 pro
257 1685 418 1729 Euangelio
429 1686 551 1718 subeant
560 1707 569 1721 ,
581 1685 700 1728 quando
708 1686 831 1717 audiunt
840 1688 866 1717 se
876 1696 986 1718 aeternae
995 1685 1092 1718 salutis
1104 1687 1251 1718 ministros
1263 1685 1328 1719 esse.
1351 1687 1623 1728 Demonstratiuum
1639 1692 1811 1732 apponitur,

73 1731 196 1762 maioris
206 1732 394 1770 certitudinis
403 1730 484 1763 causa
495 1743 502 1762 :
513 1742 546 1763 ac
555 1729 573 1761 fi
583 1731 672 1762 vitam
681 1731 779 1773 digito
791 1731 965 1763 monstraret
975 1731 1126 1774 Angelus:
1139 1743 1171 1764 vr
1181 1731 1260 1764 certe
1271 1743 1331 1763 non
1340 1733 1443 1775 procul
1462 1735 1614 1773 quaerenda
1625 1735 1665 1765 est
1674 1736 1725 1767 vbi
1734 1728 1810 1768 Ver-

73 1774 148 1805 bum
157 1771 340 1806 habemusin
352 1786 404 1806 ore
416 1776 488 1808 &in
507 1774 597 1806 corde
609 1774 674 1806 :nisi
686 1774 762 1806 forte
777 1784 828 1816 per
835 1775 1011 1818 ¹hypallagen
1029 1775 1170 1817 quispiam
1189 1777 1324 1818 accipere
1343 1777 1435 1812 malit,
1447 1786 1528 1808 vnn
1537 1790 1551 1808 Α
1565 1779 1629 1811 vita:
1638 1780 1725 1811 huius
1735 1783 1809 1823 ,pro'

76 1829 125 1851 ns.
133 1830 150 1849 c
159 1817 258 1850 verba:
269 1819 350 1860 quod
361 1830 421 1850 non
431 1819 543 1851 reiicio:
555 1817 602 1851 sed
610 1825 709 1851 tamen
725 1819 808 1861 prior
822 1818 872 1850 ille
883 1818 976 1850 sensus
993 1822 1086 1862 magis
1095 1821 1198 1862 placet.
1219 1816 1286 1853 Erat
1297 1821 1376 1852 enirn
1386 1828 1464 1853 noua
1481 1823 1591 1853 Christi
1601 1824 1746 1857 reuelatio
1756 1847 1766 1861 ‚
1775 1827 1808 1860 in·

72 1873 134 1907 quo
146 1863 235 1895 vitam
244 1862 396 1895 habebant
404 1863 579 1904 praesentem.
1332 1897 1334 1899 ¹
1541 1902 1542 1906 Ἰ
1654 1905 1657 1906 V

106 1919 134 1938 21
166 1909 280 1939 Anvn
295 1919 314 1938 u
329 1918 341 1938 1
355 1919 371 1938 ε
388 1919 406 1938 n
421 1920 434 1938 s
459 1919 476 1937 A
489 1918 533 1938 vr
547 1918 564 1938 ε
577 1918 598 1937 u
626 1913 639 1935 s
655 1917 674 1938 v
688 1915 791 1938 ramvs
814 1912 830 1937 e
843 1919 861 1937 o
878 1912 897 1937 n
910 1913 975 1937 τιιτ
990 1918 1007 1938 ιε
1022 1907 1084 1947 x.)
1105 1908 1217 1938 Totum
1237 1901 1496 1949 conciliumnunc
1509 1908 1635 1941 aduocat
1649 1909 1805 1948 Pontife5r5

74 1962 116 1984 ne
126 1951 145 1982 si
154 1951 300 1983 honorem
311 1950 390 1982 sectae
401 1949 451 1982 suae
461 1949 612 1983 deserens,
621 1950 694 1981 alios
703 1953 852 1991 praetereat
861 1966 871 1985 ,
891 1962 941 1992 par
959 1962 1018 1981 non
1037 1951 1071 1983 sit
1081 1951 1165 1983 oneri
1181 1950 1357 1983 sustinenda
1389 1953 1470 1984 Metu
1489 1952 1578 1993 igitur
1588 1954 1623 1984 ad
1634 1959 1805 1987 conuocari-

74 1995 143 2027 dam
155 1996 378 2028 multitudinem
389 1995 558 2037 impellitur.
582 1994 800 2026 Sedulbramen
820 1997 850 2027 δε
861 1995 1039 2037 exafieiuris
1055 1993 1180 2027 formam
1200 1996 1338 2027 retinent.
1353 1994 1503 2028 Vocantur
1518 2000 1694 2035 semones,
1710 2005 1804 2040 penes

73 2050 151 2083 quos
160 2041 292 2083 regimen
304 2050 377 2072 erar,
388 2048 419 2072 vt
427 2039 501 2071 nihil
511 2038 562 2070 nisi
573 2038 609 2069 de
622 2037 734 2084 consilij
745 2039 886 2076 sententia
899 2041 928 2072 δι
938 2039 1118 2072 authoritate
1129 2042 1283 2083 agarurAEx
1296 2040 1404 2071 talibus
1413 2040 1505 2072 initiis
1515 2041 1580 2082 quis
1596 2049 1656 2073 non
1672 2041 1802 2085 sperasset:

73 2085 263 2116 moderatum
273 2086 383 2116 exitum
395 2091 404 2109 >
429 2087 464 2115 Et
476 2083 554 2115 certe
563 2093 762 2125 quencunque
772 2080 887 2125 possunt
898 2083 1032 2115 colorem
1042 2082 1224 2120 obtendunt,
1237 2095 1272 2115 ne
1282 2085 1309 2115 vi
1322 2083 1519 2125 &tyrannide
1536 2085 1691 2124 videantur
1701 2089 1802 2128 oppri-

73 2139 157 2161 mere
167 2130 329 2161 veritatem.
353 2127 410 2160 Sed
419 2139 509 2170 quum
520 2128 652 2161 audiunt,
663 2127 770 2160 docere
779 2129 808 2159 in
820 2128 932 2169 templo
941 2128 1112 2169 Apostolos,
1120 2128 1270 2170 vtcunqu'e
1279 2127 1366 2160 sciant
1376 2139 1437 2159 non
1447 2126 1549 2159 fraude
1558 2129 1685 2162 humana
1695 2130 1803 2169 exiiffe;

73 2173 123 2205 fed
135 2173 288 2209 miraculo,
299 2185 358 2204 nori
371 2172 502 2205 desinunt
513 2172 676 2203 institutum
688 2171 767 2203 suum
777 2171 921 2214 persequi.
943 2172 1028 2204 Vnde
1039 2181 1158 2214 apparet
1173 2183 1240 2207 cum
1259 2176 1374 2204 'morum
1390 2173 1540 2214 impietate
1550 2176 1580 2204 δ’
1601 2174 1658 2205 Dei
1668 2180 1801 2208 contem-3

71 2228 125 2260 ptu
135 2240 144 2253 ‚
155 2217 308 2250 horribilis
316 2218 442 2248 vaesania.
465 2220 543 2259 Ergo
554 2226 702 2256 nunquam
713 2215 914 2257 speciofijuris
925 2220 1089 2257 praetextus,
1097 2215 1135 2248 fic
1143 2220 1247 2258 teg-unt
1257 2215 1438 2258 hypocritas,
1449 2217 1518 2258 quin
1530 2217 1671 2250 malitiam
1681 2220 1801 2252 tandeni

71 2262 150 2294 suam
161 2263 296 2304 prodant.
318 2263 359 2293 Ex
367 2262 508 2292 omnibus
517 2260 727 2292 circunstantii's
738 2260 821 2292 cer'rb
831 2260 972 2303 colligere
982 2260 1094 2293 debent
1103 2273 1113 2298 5
1123 2259 1179 2292 esse
1188 2262 1247 2292 Dei
1266 2271 1340 2302 opus
1350 2262 1430 2302 quod
1440 2271 1536 2292 carcer
1545 2273 1661 2303 apertus
1669 2261 1739 2295 fuit:
1751 2275 1802 2307 paz

71 2304 131 2338 lam
141 2317 240 2338 tamen
252 2305 387 2338 aduersus
396 2309 493 2336 Deum
503 2303 600 2335 furere
608 2315 667 2335 non
679 2304 825 2336 dubitant.
860 2309 929 2336 Haec
937 2306 1064 2347 tempori
1074 2307 1163 2338 etiam
1174 2304 1272 2336 nostro
1283 2305 1476 2337 conueniunt.
1486 2304 1598 2337 Scimus
1607 2316 1693 2349 quam
1705 2304 1801 2350 super-5

71 2351 112 2383 be
122 2350 201 2383 suum
213 2350 286 2381 illud
306 2351 419 2381 axio-na
441 2349 559 2390 Papista:
577 2349 686 2379 iactent
695 2369 703 2382 ‚
713 2349 866 2390 Legitimis
884 2349 1018 2380 conciliis
1030 2349 1234 2381 obediendum
1243 2347 1316 2384 effe,
1334 2349 1400 2391 quia
1409 2349 1566 2381 Ecclesiam
1584 2351 1799 2391 repraesentenu

71 2396 219 2437 Legitima
229 2393 318 2436 porrb
329 2395 482 2425 nominant
493 2397 523 2425 δι
535 2393 636 2424 haberi
649 2393 765 2427 volunt,
777 2394 806 2424 in
817 2393 925 2434 quibus
938 2393 1143 2425 nihildeestad
1162 2402 1309 2435 externam
1327 2392 1465 2424 formam.
1484 2395 1576 2436 Atqui
1587 2394 1644 2426 tale
1657 2396 1715 2428 hoc
1726 2408 1800 2433 eran*

71 2439 110 2470 de
119 2451 179 2481 quo
191 2435 240 2471 hic
249 2437 337 2470 refert
347 2442 439 2470 Lucas
450 2448 457 2467 ε
467 2437 546 2479 quod
557 2446 653 2468 tamen
666 2436 800 2467 coactum
811 2435 893 2468 fuine
903 2436 1048 2469 scimus·ad
1058 2437 1290 2480 extinguendum
1310 2437 1416 2468 Christi
1428 2442 1547 2470 nomen.
1599 2439 1705 2479 nanuis
1715 2444 1792 2472 enim

70 2483 172 2515 fraude
182 2507 189 2519 ,
203 2484 248 2514 vel
259 2484 372 2515 ambitu
381 2499 390 2517 5
402 2482 449 2514 vel
456 2482 519 2513 aliis
530 2481 611 2512 malis
619 2481 728 2512 artibus
737 2481 1035 2518 tuncSacerdotes-ad
1046 2482 1191 2512 honorem
1210 2481 1407 2522 obreperent‚¹
1427 2483 1472 2512 vel
1483 2484 1568 2514 etiam
1582 2487 1675 2524 pretio
1686 2488 1715 2516 δί
1729 2495 1793 2515 mu.

69 2529 130 2560 tuis
137 2528 266 2559 caedibus
273 2536 494 2568 perrumperent
504 2548 513 2561 ,
523 2524 579 2568 ipsa
588 2534 686 2556 tamen
696 2524 848 2566 sacerdotij
856 2524 982 2566 dignitas
991 2525 1086 2557 adhuc
1094 2526 1232 2559 durabat,
1243 2525 1361 2557 Christo
1370 2527 1500 2558 nondum
1511 2527 1665 2568 parefaCiO.
1687 2531 1751 2559 Erat
1762 2529 1791 2560 in¹

70 2573 227 2604 seniorum
237 2570 365 2603 consessu
378 2593 386 2606 ,
396 2570 525 2603 Ecclesiae
533 2567 746 2610 repraesentatio
755 2581 762 2600 ι
771 2576 871 2601 verum
884 2569 935 2601 vbi
945 2581 1004 2602 non
1013 2571 1148 2612 quae'rirur
1158 2570 1216 2600 Dei
1227 2570 1343 2605 veritas,
1354 2572 1417 2601 'tota
1427 2571 1543 2601 externa
1552 2570 1659 2611 speeies
1670 2573 1739 2603 nihil
1751 2572 1791 2602 est

69 2617 158 2659 quam
170 2627 248 2648 mera
258 2615 344 2647 larua.
364 2615 570 2658 Frustraigitur
578 2613 695 2654 Papistae
704 2612 755 2643 sub
772 2614 876 2647 vmbra
885 2613 1074 2656 huiusclypei
1089 2613 1332 2645 abominationes
1347 2613 1408 2643 suas
1420 2623 1519 2654 tegere
1534 2622 1685 2646 conantur.
1711 2611 1792 2656 Qia'·

71 2673 131 2692 non
141 2659 244 2693 sufficit
254 2671 309 2691 eos
322 2660 494 2703 congregari
503 2660 553 2701 qui
571 2655 702 2688 Ecclefiae
717 2657 855 2698 praesunt‚
871 2657 922 2688 nisi
932 2659 989 2690 hoc
999 2658 1084 2690 fiatin
1100 2656 1208 2688 Christi
1226 2656 1358 2687 nomine.
1381 2656 1504 2698 Alioqui
1515 2663 1604 2698 quum
1615 2659 1748 2691 vsitatum
1758 2658 1791 2691 sit
1810 2662 1815 2695 j

69 2704 383 2738 Sathanaeartificium,
394 2703 419 2735 se
428 2701 1120 2746 transfigurareinAngelumluci22dabimusilli
1130 2712 1216 2744 quam
1226 2700 1324 2742 p'otest
1343 2710 1445 2743 optare
1462 2702 1632 2743 aptissimam
1651 2704 1792 2735 latebram
1806 2698 1914 2752 3503&

70 2750 122 2782 sub
131 2748 262 2779 Ecclesiae
270 2747 370 2779 titulo.
673 2746 678 2752 '
759 2779 762 2782 ,
786 2745 794 2754 '
919 2782 921 2786 ¹
1364 2785 1367 2787 ,
1711 2780 1714 2782 ,
1824 2746 1829 2752 ’
1845 2741 1878 2760 '⁴'

105 2800 126 2825 Α
140 2805 160 2824 n
174 2804 195 2823 n
207 2804 224 2825 v
235 2806 254 2824 x
265 2801 272 2820 ι
285 2803 302 2822 τ
328 2802 344 2821 ι
358 2801 376 2821 o·
387 2801 401 2821 s
421 2800 435 2821 s
445 2802 456 2821 r
470 2802 489 2821 n
502 2802 518 2821 ε
542 2796 562 2822 ν’
572 2789 613 2830 ι.)
634 2791 681 2821 De
690 2786 1057 2834 prefectotemplialiquid
1066 2789 1144 2831 prius
1154 2788 1262 2820 distum
1275 2787 1324 2820 est.
1357 2787 1462 2829 Neque
1480 2789 1557 2820 'enirn
1570 2790 1641 2820 mihi
1652 2790 1793 2830 probabi-

69 2838 99 2869 le
113 2837 154 2869 est
164 2834 330 2878 permiffum
343 2832 424 2865 fuisse
434 2834 537 2865 Iudaeis
547 2834 689 2876 praeficere
699 2834 811 2873 templo
819 2832 906 2876 quem
918 2836 1028 2867 vellent
1040 2857 1049 2870 ‚
1060 2833 1107 2866 sed
1118 2832 1305 2864 constitutum
1318 2831 1400 2863 fuisse
1411 2832 1555 2864 &praeside
1565 2835 1731 2874 prouinciae,
1742 2835 1792 2876 qui

70 2881 176 2923 templi
187 2877 463 2920 custodiaepraeeffet.
473 2879 555 2909 Dicit
564 2888 661 2910 autem
672 2877 813 2909 adductos
822 2876 902 2910 fuisse
926 2890 1000 2912 sina
1020 2890 1064 2914 vr,
1074 2880 1132 2910 hoc
1143 2876 1193 2911 est,
1206 2888 1264 2908 non
1276 2875 1421 2908 violenter
1432 2875 1617 2909 atrraflosme
1629 2878 1732 2910 seditio
1743 2889 1792 2910 ex-

70 2926 220 2957 citaretur.
242 2928 284 2957 lta
295 2933 385 2966 quum
395 2925 493 2954 Deum
504 2933 563 2953 non
575 2923 698 2954 timeant
709 2932 763 2953 nec
771 2926 969 2960 reueremtur,
979 2923 1031 2955 sibi
1041 2923 1077 2954 ab
1088 2922 1259 2952 hominibus
1268 2930 1412 2950 metuunt.
1435 2919 1574 2952 Modestia
1584 2926 1703 2964 quoque
1712 2921 1791 2964 Apo-

70 2970 212 3002 stolorum
224 2971 252 3000 in
263 2980 301 3001 eo
310 2968 336 3000 se
344 2968 482 3003 ostendit,
491 2966 572 3009 quod
581 2978 672 3009 quum
680 2966 751 3008 septi
759 2965 814 2999 fint'
823 2959 933 3012 magno
943 2968 1097 3002 hominum
1107 2975 1231 2997 numero
1240 2987 1250 3002 ,
1260 2966 1406 3006 patiuntur
1418 2973 1516 2996 tamen
1527 2965 1542 2996 a
1553 2967 1689 2999 ministris
1701 2966 1727 2999 se
1740 2969 1790 2999 des

71 3014 192 3050 duci‚ne
207 3012 414 3046 finttumultus
422 3012 571 3044 authores.

129 3100 180 3151 27
222 3101 397 3141 AdduHos
416 3111 533 3139 autem
551 3114 606 3138 eos
627 3098 784 3151 stiterunt
804 3114 918 3142 ‚coram
937 3099 1072 3140 concilio
1088 3115 1100 3135 .·
1126 3097 1166 3144 ό·
1182 3101 1405 3152 interrogauit
1420 3112 1476 3138 eos
1483 3089 1634 3152 stimmm
1661 3096 1781 3140 ῥοπή-

64 3155 140 3211 fix.

114 3214 165 3261 28-
205 3214 342 3254 Dicens:
354 3217 482 3253 Annon
490 3204 916 3268 praecipiendopraece‘pimize
923 3208 1032 3252 vohs,
1044 3222 1085 3245 ne
1095 3207 1250 3249 doceretis
1258 3211 1296 3248 in
1304 3213 1440 3250 nomme
1451 3208 1534 3250 hoc?
1543 3206 1587 3250 Et
1599 3211 1768 3266 ecce‚reple
1775 3233 1784 3236 -

70 3269 162 3320 aistis
173 3268 395 3320 lerosolymam
405 3271 558 3310 doi't'rt'na
568 3265 859 3323 vssra,vuln's'que
869 3267 1034 3306 adducere
1033 3265 1135 3318 fisper
1142 3278 1205 3304 nos
1204 3265 1407 3322 sanguinem
1419 3266 1562 3307 hominis-
1572 3267 1682 3307 huius.

104 3371 144 3398 ιε.
157 3368 228 3398 Duo
238 3365 359 3397 crimina
370 3367 496 3401 summus
504 3366 642 3400 Pontifex
651 3366 755 3398 obiicit
767 3361 921 3407 Apostolis.
929 3367 1003 3396 Nam
1013 3363 1078 3406 quia
1090 3365 1211 3407 concilij
1220 3365 1340 3398 decreto
1353 3373 1411 3399 no‘n
1421 3367 1569 3410 paruerint
1578 3386 1587 3400 >
1595 3365 1786 3398 contumacia?

72 3421 127 3443 eos
137 3410 295 3444 accusat-In
305 3408 433 3442 secundo
444 3415 581 3444 membro
593 3411 696 3443 malam
706 3409 890 3442 coscientiam
901 3408 1010 3449 prodit,
1019 3407 1065 3438 vel
1074 3406 1140 3439 salis:
1149 3411 1294 3452 priuatum
1305 3410 1330 3443 se
1339 3414 1429 3455 magis
1438 3412 1567 3454 negotiu,
1577 3410 1661 3451 quam
1672 3410 1782 3443 causam

71 3456 223 3498 publicam
231 3465 317 3496 agere
327 3455 718 3498 demonstrat.Conqueritur
726 3456 804 3485 enim
817 3453 897 3496 qubd
909 3452 1010 3483 mortis
1019 3452 1125 3485 Christi
1134 3454 1245 3486 inuidia
1254 3457 1282 3486 in
1294 3455 1457 3487 sacerdotes
1466 3460 1496 3487 δε
1507 3454 1620 3486 Scribas
1629 3454 1784 3487 transferre

71 3501 166 3537 velint
174 3499 318 3543 Apostoli.
347 3500 391 3530 En
403 3500 498 3544 itaque
507 3501 578 3545 quid
587 3510 638 3534 eos
651 3497 924 3541 vrat,qubdimpiae
941 3496 1025 3529 caedis
1035 3495 1178 3531 vltionem
1194 3509 1226 3531 ac
1241 3510 1361 3544 poenam
1378 3501 1491 3531 timent.
1516 3500 1647 3532 Praetexit
1662 3499 1783 3543 quidem

480 3551 483 3554 ·
1415 3545 1442 3575 D
1477 3543 1509 3588 iij
1660 3548 1676 3563 ’-

1589 3588 1609 3612 o
