2310 3841
754 198 1005 241 cAPVT
1055 202 1149 242 xv.
1780 223 1824 262 133

122 274 236 312 stetim-‚-
255 274 362 309 veram
374 269 422 305 hic
433 266 558 304 exoritur
570 269 686 310 quaestio
697 292 706 306 ,
721 272 764 301 An
776 269 885 302 diuersa
897 269 985 302 fuerit
995 271 1066 301 olim
1076 274 1193 304 l’strum
1205 272 1315 313 puritas
1325 264 1404 304 ab'ea
1413 277 1499 314 quam
1512 279 1590 304 nunc
1603 270 1841 312 Deusdentibiis

122 323 258 357 contulit.
284 321 398 352 videtur
409 319 486 349 enim
498 313 600 346 diserte
609 317 713 345 Petrus
724 316 775 346 hac
787 325 857 346 nota
867 314 1029 346 ‹lil‘cernere
1039 317 1151 346 Gentes
1161 311 1288 348 {Iudeis
1296 338 1307 352 ‚
1318 315 1398 358 qubd
1406 317 1570 353 solacordis
1582 322 1725 350 munditia
1737 325 1839 354 conie-

122 358 175 403 ἐκ,
187 365 268 396 nullo
279 360 499 407 Legisl'ubsidio
508 358 657 401 indigeant
670 370 676 386 t
687 359 864 397 Rei‘pondeo
876 381 884 394 ‚
894 370 952 390 non
966 358 1129 393 substantia,
1141 359 1188 390 scd
1200 359 1292 390 forma
1301 362 1439 392 duntaxat
1447 360 1553 393 alteros
1561 363 1597 393 ab
1607 364 1707 395 alteris
1719 363 1842 399 differre,

121 415 246 443 Interior
257 411 336 440 enim
346 407 443 439 cordis
453 404 611 435 mundities
620 401 756 443 sempera
771 406 837 435 Deo
846 403 973 444 respeCia
985 404 1050 435 fuit.
1071 398 1185 435 tantum
1206 405 1234 433 iii
1256 404 1312 434 hoc
1330 404 1402 436 datae
1421 406 1537 438 fuerunt
1554 417 1729 438 ceremoniae
1746 412 1844 449 veteri

121 455 235 497 populo
248 476 255 487 ,
265 465 295 485 vt
306 453 392 483 fidem
404 458 466 481 eius
476 447 658 478 adiuuarent.
680 450 722 477 lta
735 448 895 479 mundities
906 469 914 482 ‚
927 448 1025 488 quoad
1037 446 1141 491 figuras
1151 450 1180 479 δι
1190 449 1326 478 exerciiia
1337 467 1344 480 2
1355 450 1526 489 temporalis
1534 449 1590 484 fuit
1602 450 1689 494 vsque
1697 454 1732 483 :id
1751 455 1840 484 Chri-

121 496 394 531 stiaduentum‚cui
407 503 484 524 nunc
495 493 570 522 inter
581 501 635 523 nos
644 501 702 520 non
715 491 755 521 est
766 494 857 523 locus.
893 493 1144 533 quemadmodum
1155 492 1232 522 idem
1242 493 1279 523 ab
1292 492 1379 521 initio
1395 493 1456 533 ipso
1473 495 1574 525 mundi
1591 496 1678 538 vsque
1694 497 1729 527 ad
1747 497 1839 531 finem

127 553 222 573 minet
234 552 318 573 verus
327 541 383 572 Dei
395 537 508 570 cultus,
521 546 627 574 nempe
638 534 790 576 spiritualis
801 548 807 565 :
820 537 847 565 iii
859 535 1059 568 formaramen
1072 536 1178 568 visibili
1191 545 1329 577 magnum
1347 536 1387 566 est
1405 537 1568 570 discrimen.
1603 543 1690 573 Nunc
1707 543 1841 573 videmus

123 597 183 617 non
195 586 372 617 ceremoniis
381 577 643 614 coiil'ecutosfuisse
656 579 754 610 Pati-es
768 579 906 610 iustitiam
919 602 927 616 ,
937 590 985 611 aut
997 591 1085 622 puros
1094 578 1175 612 fuisse
1185 590 1282 610 coram
1295 581 1363 609 Deo
1374 592 1381 610 z
1392 579 1438 614 sed
1449 584 1542 613 cordis
1555 587 1694 616 munditia
1705 587 1854 617 «κτητοί

122 632 174 661 niae
185 632 262 661 enim
273 626 361 670 perse
376 628 410 658 ad
421 623 678 657 eosiustificandos
689 625 760 659 nihil
772 624 920 656 habebant
934 625 1136 656 monienti:sed
1148 624 1324 656 adminicula
1335 635 1416 657 erant
1426 626 1561 662 duntaxat
1573 639 1633 669 quae
1645 641 1696 670 per
1704 631 1841 662 accidens

122 684 153 706 vt
166 676 203 705 ita
213 675 314 716 loquar
326 694 335 707 ,
344 672 524 713 puigabant:
535 679 565 699 vt
574 678 670 700 tamen
680 667 782 699 eadem
792 670 949 700 Veteribus
959 668 1047 701 fuerit
1057 668 1337 700 nobiscum‘veritas.
1360 670 1419 699 Iam
1432 670 1538 700 Christi
1551 673 1678 704 aduentu
1697 672 1839 717 quicquid

122 718 320 749 adueiiritium
332 725 393 748 etat
403 736 411 750 ‚
423 709 681 752 euanuitzidet'aque
690 711 816 744 discussis
825 713 936 744 vmbris
950 733 958 746 ‚
969 713 1092 754 superest
1102 712 1178 744 nuda
1190 715 1239 751 ιδε
1258 711 1378 753 simplex
1393 713 1492 744 cordis
1509 717 1626 754 puritast
1662 722 1728 750 Hoc
1745 719 1838 750 modo

122 760 208 793 facile
217 761 336 793 soluitur
349 760 454 792 nodus„
465 767 552 798 quem
560 755 642 798 lude·
656 756 894 797 inexplicabilem
905 755 960 787 effe
969 767 1081 798 purant.
1113 756 1294 788 Circuncisio
1312 766 1434 788 vocatur
1445 756 1546 789 foedus
1562 770 1700 792 aerernum
1710 773 1776 798 ,aut
1793 762 1834 794 se-

122 807 190 837 culi.
214 815 323 848 negant
332 805 419 847 igitur
431 799 512 834 fusse
521 799 708 832 abolendam.
732 802 759 831 Si
771 802 837 842 quis
847 801 973 841 excipiat
986 823 993 835 ,
1004 811 1063 831 non
1074 800 1173 832 referri
1193 800 1250 831 hoc
1260 802 1294 832 ad
1307 800 1422 842 visibile
1443 801 1605 842 symbolum
1619 804 1681 841 ‚sed
1692 807 1789 846 potius
1797 809 1833 840 ad

123 860 185 881 rem
198 849 357 892 signatam:
373 847 466 888 piobe
474 843 637 885 responsum
648 841 744 876 fuerit.
767 843 813 875 sed
824 844 878 875 alia
889 845 928 875 est
939 843 1058 880 solutio,
1069 854 1156 886 quam
1167 845 1236 876 dixi.
1261 847 1364 884 Qum
1377 845 1483 877 Christi
1495 857 1618 888 regnum
1628 850 1755 891 quaedam
1767 849 1830 886 fue-

123 894 161 925 rit
173 895 274 925 mundi
285 893 443 925 renouatio
453 912 462 926 ,
471 889 542 920 nihil
551 887 608 919 effe
615 887 763 925 'absurdidi
774 887 863 919 finem
874 889 1013 920 omnibus
1023 890 1108 931 Legis
1117 888 1229 920 vmbris
1239 889 1420 930 imposuerit.
1430 890 1668 932 quandoquidem
1679 896 1762 932 Legis
1770 907 1834 935 per⁴

123 938 247 979 petuitas
256 939 285 969 in
294 935 410 968 Christo
418 933 536 966 fundata
547 933 597 964 est.
621 929 716 962 venio
725 941 804 964 nunc
813 931 848 963 ad
859 930 1016 964 secundum
1027 933 1194 964 membrum
1205 953 1215 968 ‚
1225 933 1275 964 vbi
1287 932 1391 964 Petrus
1406 935 1548 966 Gentium
1559 929 1754 976 puritatemin
1773 940 1834 973 side

122 981 285 1014 constituit.
307 983 368 1012 Cur
376 989 435 1010 non
445 977 516 1008 dicit
527 974 882 1013 ‚PerfeEtionevirtutum
895 987 943 1008 aut
955 978 1018 1009 vitae
1025 977 1216 1008 sanstimonia
1227 997 1236 1012 ,
1245 975 1294 1006 nili
1307 978 1372 1018 quia
1382 977 1501 1008 aliunde
1521 978 1694 1012 hominibus
1714 990 1832 1015 contin-

121 1027 164 1068 git
175 1025 277 1059 iussitia
291 1023 392 1066 ‚quim
403 1020 473 1053 exse
485 1019 561 1062 ipsis?
582 1030 648 1051 nam
663 1014 910 1063 fireeieiusseque
921 1022 1051 1053 viuendo
1071 1021 1208 1052 homines
1226 1020 1278 1051 sibi
1299 1019 1434 1052 iustitiam
1453 1022 1658 1064 acquirerent,
1673 1027 1716 1056 vel
1733 1036 1835 1060 natura

122 1070 225 1101 mundi
235 1067 324 1100 essent
336 1077 432 1098 coram
442 1067 510 1097 Deo
523 1062 712 1096 :concideret
719 1065 778 1095 haec
785 1066 865 1096 Peri-i
874 1064 1024 1098 sententia.
1048 1068 1102 1097 His
1111 1076 1182 1108 ergo
1193 1065 1293 1096 verbis
1303 1065 1396 1106 palam
1408 1067 1534 1105 Spiritus
1543 1070 1726 1108 pronuntiat,
1737 1081 1835 1103 totum

121 1114 282 1146 humanum
291 1122 385 1154 genus
394 1110 540 1152 pollutum
552 1107 922 1151 &sordibusinquinatum
933 1106 990 1142 effe
1007 1110 1133 1141 :deinde
1143 1121 1202 1142 non
1213 1107 1292 1152 posse
1310 1109 1392 1141 aliter
1410 1110 1534 1153 abstergi
1552 1112 1649 1144 sordes
1659 1135 1668 1149 ‚
1678 1114 1764 1155 quam
1783 1123 1835 1156 per

121 1158 229 1189 Christi
241 1158 373 1200 gratiam.
395 1165 459 1186 nam
470 1163 560 1196 quum
572 1151 644 1184 fides
652 1153 815 1184 remedium
827 1154 858 1186 sit
867 1164 927 1196 quo
939 1155 1027 1186 nobis
1036 1155 1125 1196 gratis
1136 1151 1272 1186 succurrit
1282 1155 1364 1184 Deus
1377 1175 1387 1189 ,
1396 1163 1456 1185 tam
1465 1158 1617 1187 communi
1631 1159 1764 1192 omnium
1784 1169 1837 1191 na-

121 1211 185 1243 tui-e
199 1223 207 1235 ‚
218 1202 305 1243 quim
316 1198 441 1242 propriis
450 1196 587 1238 cuiusque
599 1197 889 1240 meritisopponitur.
913 1202 1016 1240 Qum
1025 1199 1095 1230 dico
1104 1199 1280 1241 pollutionis
1292 1197 1423 1229 damnari
1443 1209 1539 1231 totum
1551 1198 1713 1233 humationi
1729 1213 1836 1246 genus,

120 1245 259 1288 intelligo
269 1255 322 1275 nos
331 1254 366 1276 ex
375 1252 459 1275 vieto
468 1241 537 1272 nihil
548 1238 649 1275 afferre
659 1252 685 1282 pi
693 1240 753 1284 etet
762 1252 854 1273 meras
863 1242 962 1274 sordes
972 1265 981 1279 ,
993 1254 1048 1276 nec
1059 1246 1215 1285 quicquam
1227 1240 1284 1274 esse.
1292 1242 1436 1274 inflatura
1446 1244 1539 1276 nostra
1552 1246 1735 1278 rectitudinis
1750 1247 1834 1290 quod

122 1301 178 1322 nos
185 1292 253 1322 Deo
261 1288 411 1321 conciliet.
434 1285 564 1329 Egregiis
573 1287 692 1328 quidem
701 1285 824 1317 dotibus
832 1295 933 1319 ornata
942 1285 996 1320 fuit
1008 1288 1138 1322 hominis
1150 1287 1244 1318 anima
1256 1287 1284 1317 in
1296 1285 1388 1326 prima
1403 1287 1448 1319 sua
1457 1289 1572 1330 origine
1581 1302 1588 1321 :
1597 1289 1643 1322 sed
1659 1302 1782 1332 peccato
1793 1291 1831 1326 sie

121 1335 229 1366 vitiatae
237 1332 298 1364 sunt
309 1341 412 1364 ornnes
421 1331 483 1362 eius
491 1340 598 1370 partes,
609 1340 640 1361 vt
649 1340 686 1361 ne
694 1339 775 1371 gutta
785 1331 903 1373 quidem
911 1333 1044 1374 puritatis
1052 1333 1177 1374 amplius
1187 1332 1215 1363 in
1225 1341 1257 1362 ea
1275 1330 1396 1362 resideat
1404 1350 1413 1366 ‚
1436 1333 1585 1374 querenda
1601 1335 1641 1366 est
1654 1336 1743 1376 igitur
1752 1344 1833 1368 extra

122 1388 178 1409 nos
187 1378 354 1408 mundities.
366 1373 459 1408 namsi
470 1375 535 1416 quis
543 1376 687 1416 excipiat,
706 1376 843 1415 Operum
859 1378 971 1407 meritis
987 1377 1150 1419 recuperari
1159 1373 1338 1417 poss'emihii
1355 1369 1506 1411 absurdius
1522 1377 1580 1413 est,
1600 1378 1686 1420 quam
1697 1380 1835 1421 peruersa?

122 1432 230 1453 naturai
239 1422 335 1464 affingi
346 1419 478 1452 merendi
490 1417 666 1450 facultatem.
694 1419 827 1458 Superest
836 1431 908 1462 ergo
921 1431 952 1451 vr
962 1421 1031 1452 alibi
1042 1431 1169 1462 quaerant
1178 1419 1326 1454 homines,
1336 1421 1416 1460 quod
1424 1421 1501 1451 intus
1511 1422 1588 1463 apud
1598 1421 1625 1453 se
1634 1433 1781 1465 nunquam
1792 1426 1836 1454 in-

120 1467 251 1498 uenient.
285 1468 320 1498 Et
329 1463 484 1497 certefidei
494 1462 621 1494 officium
631 1462 682 1497 est,
693 1463 772 1503 quod
781 1475 930 1504 proprium
943 1465 1032 1497 habet
1042 1465 1174 1497 Christus
1183 1464 1212 1495 in
1224 1473 1279 1494 nos
1295 1462 1450 1495 transferre
1458 1485 1468 1501 ‚
1479 1467 1510 1497 δι
1527 1467 1649 1509 gratuita
1668 1469 1838 1499 communis

119 1511 237 1542 catione
246 1510 358 1541 efficere
368 1508 506 1539 nostrum.
539 1509 582 1538 Ita
592 1507 666 1538 inter
675 1506 766 1537 fldem
776 1509 808 1539 &
819 1508 925 1540 Christi
937 1510 1058 1550 gratiam
1070 1519 1167 1540 mutua
1176 1507 1216 1539 est
1224 1507 1337 1539 relatio.
1349 1518 1445 1549 neque
1456 1511 1534 1541 enim
1546 1521 1599 1542 nos
1608 1506 1740 1553 purificat
1751 1512 1836 1548 fides.

118 1563 255 1595 tanquam
267 1555 358 1586 virtus
367 1562 415 1583 aut
423 1551 547 1593 qualitas
555 1551 660 1581 animis
670 1549 758 1581 infusa
770 1564 778 1580 ι
789 1551 834 1582 sed
846 1553 913 1594 quia
924 1554 1099 1584 munditiem
1117 1554 1146 1584 in
1158 1552 1278 1584 Christo
1294 1552 1422 1582 oblatam
1443 1550 1575 1595 percipit.
1597 1555 1733 1587 Notanda
1743 1556 1781 1587 est
1790 1565 1835 1588 et-

117 1599 175 1629 iam
187 1598 310 1632 locutio,
321 1596 401 1638 quod
411 1598 492 1625 Deus
502 1593 590 1625 corda
600 1593 807 1634 purificauerit:
819 1606 873 1637 qua
884 1599 915 1628 δι
926 1598 1023 1627 Deum
1033 1596 1102 1628 fidei
1113 1597 1267 1628 authorem
1277 1593 1347 1627 ficit
1358 1599 1459 1630 Lucas,
1469 1599 1499 1629 δε
1510 1600 1683 1631 munditiem
1694 1600 1781 1631 d'ocet
1791 1599 1838 1632 es.

1849 782 1943 820 ceriti?;

1848 818 1890 846 b-t·

116 1641 145 1675 fe
155 1642 215 1672 eius
225 1639 446 1672 beneficium.1n
457 1634 574 1671 summa¹
584 1636 710 1669 conferri
721 1638 894 1670 hominibus
902 1649 954 1681 per
963 1641 1018 1671 Dei
1030 1641 1151 1682 gratiam
1161 1638 1302 1681 significat
1310 1640 1393 1681 quod
1405 1639 1456 1670 sibi
1468 1641 1536 1673 dare
1545 1642 1595 1684 ipsi
1607 1653 1768 1685 nequeunt.
1777 1643 1835 1682 Sed
1873 1665 1875 1668 >

117 1696 209 1726 quum
219 1682 328 1716 dietum
340 1682 384 1717 lit,
395 1681 483 1714 fidem
491 1680 632 1718 {Christo
642 1680 752 1714 sumere
763 1684 844 1726 quod
853 1685 883 1715 in
893 1694 948 1714 nos
956 1683 1148 1716 transfundat:
1159 1693 1236 1718 nunc
1247 1683 1406 1714 videndum
1417 1684 1457 1715 est
1471 1686 1626 1727 quomodo
1637 1697 1690 1718 nos
1699 1687 1835 1729 purificet

118 1730 225 1761 Christi
235 1729 336 1771 gratia,
345 1737 376 1758 vt
386 1729 454 1757 Deo
461 1725 635 1766 placeamus.
644 1727 759 1767 Duplex
767 1737 864 1758 autem
875 1728 914 1759 est
923 1729 1067 1770 purgandi
1078 1729 1196 1764 modus,
1204 1727 1285 1770 qubd
1293 1727 1425 1759 Christus
1432 1739 1550 1769 peccata
1560 1731 1665 1767 nostra,
1675 1741 1738 1773 quae
1746 1731 1836 1764 semel

118 1769 256 1813 sauguine
266 1772 317 1803 suo
327 1769 615 1810 expiauit‚quotidie
632 1769 779 1803 delendo,
791 1781 880 1812 puros
897 1770 1042 1813 iustosque
1060 1773 1089 1803 in
1097 1766 1385 1812 Patrisconspectun'i
1404 1783 1459 1804 nos
1477 1772 1563 1806 offert
1574 1785 1607 1806 ac
1626 1774 1704 1807 sistit.
1714 1775 1836 1812 deinde,

118 1816 201 1858 qubd
211 1816 304 1845 carnis
313 1812 486 1855 cupiditates
495 1812 602 1855 Spiritu
611 1811 661 1844 suo
670 1814 919 1852 mortificans‚nos
927 1815 956 1844 in
968 1815 1150 1848 sanffitatem
1161 1814 1466 1858 reformat-Vtrunque
1474 1813 1526 1849 sub
1536 1819 1580 1849 his
1589 1820 1688 1852 verbis
1704 1820 1837 1853 libenter

118 1858 360 1902 amplectorzqui'a
368 1866 428 1887 nori
439 1866 523 1886 vnam
532 1855 646 1887 tantum
657 1858 839 1901 purgationis
846 1859 972 1901 speciem
981 1859 1099 1903 attingit
1106 1858 1258 1896 Lucas,sed
1265 1867 1359 1890 totam
1369 1860 1432 1890 eius
1441 1859 1655 1901 perfectionem
1664 1862 1772 1907 absque
1784 1867 1838 1897 Le-

119 1905 168 1948 gis
184 1901 362 1934 ceremoniis
378 1899 509 1932 constare
517 1899 616 1931 docet.
929 1935 936 1942 ι

158 1959 190 1978 10
224 1948 296 1978 an
305 1956 323 1976 c
343 1955 433 1977 atreo
452 1954 534 1978 <uio
554 1956 570 1974 τ
578 1954 618 1974 au
627 1943 758 1983 rit-trs.)
775 1943 875 1980 Altera
883 1955 947 1986 pars
954 1945 1120 1983 concionis,
1129 1955 1184 1989 qua
1193 1943 1370 1977 demonstrat
1378 1947 1483 1978 Petrus
1493 1967 1502 1982 ‚
1517 1945 1604 1988 quam
1614 1946 1737 1981 exitialis
1746 1949 1835 1984 fitilla

118 1990 352 2032 doc'trina,quam
363 1990 496 2031 ingerere
505 1987 644 2019 volebant
654 1987 736 2018 Pauli
748 1987 852 2020 hostes:
866 1999 973 2033 nempe
982 2001 1044 2033 quae
1052 1991 1251 2033 desperatione
1261 1989 1399 2020 obrueret
1409 1991 1470 2030 pias
1481 2001 1584 2021 omnes
1594 1991 1715 2023 animas.
1741 1993 1834 2027 Infert

119 2035 239 2077 quidem
248 2045 283 2066 ac
292 2033 407 2075 colligit
415 2041 450 2063 ex
457 2031 556 2071 priore
566 2031 801 2065 membrimetari
810 2035 920 2070 Deum5
931 2033 950 2065 si
961 2045 1105 2078 cogantur
1115 2037 1229 2068 Gentes
1238 2034 1274 2065 ad
1284 2032 1479 2065 neceffitatem
1488 2033 1631 2068 seruandae
1639 2037 1785 2078 Legiszsed
1795 2039 1836 2070 al-

119 2080 180 2111 tius
188 2078 407 2120 prouehitur,&
417 2075 454 2107 ad
463 2074 553 2117 ipsum
563 2074 649 2106 causae
657 2073 768 2107 foritem
779 2079 1070 2118 penetratflac'tenus
1079 2080 1158 2111 enim
1169 2078 1358 2118 ratiocinatus
1367 2077 1482 2112 est‚fieri
1492 2079 1641 2110 Gentibus
1651 2080 1784 2113 iniuriam
1794 2104 1803 2117 ,
1812 2079 1834 2114 fi

117 2122 183 2164 plus
194 2123 230 2153 ab
239 2122 298 2154 illis
308 2122 439 2163 exigatur
446 2119 534 2162 quam
544 2119 615 2151 velit
628 2121 755 2154 Deus&
764 2123 823 2162 qut‘i
835 2130 882 2152 eas
893 2121 989 2154 sansto
997 2123 1109 2165 populo
1117 2122 1284 2165 aequauerit,
1293 2124 1323 2154 δι
1335 2121 1506 2163 adoptionis
1517 2123 1632 2155 honore
1644 2123 1780 2166 dignatus
1791 2125 1835 2163 sit,

116 2165 273 2209 indignum
284 2163 339 2196 esse
351 2162 543 2197 &absurdum
552 2173 599 2194 eas
610 2162 703 2199 reiici,
713 2173 798 2206 atque
808 2165 846 2196 ita
855 2167 985 2209 restringi
997 2168 1060 2199 eius
1069 2167 1284 2199 liberalitatem.
1293 2176 1381 2197 vnam
1391 2166 1518 2208 denique
1529 2165 1616 2198 fidem
1627 2167 1758 2201 illissatis
1768 2168 1836 2207 esses

117 2211 242 2252 quanuis
251 2209 428 2241 ceremoniis
437 2216 562 2240 careant.
586 2208 672 2238 Nunc
680 2206 751 2239 verb
760 2208 846 2241 altius
855 2210 1030 2252 principium
1040 2210 1138 2247 sumit,
1148 2211 1210 2251 Qi
1218 2210 1372 2241 hominum
1385 2207 1505 2241 salutem
1516 2210 1634 2254 alligant
1643 2214 1729 2255 Legis
1738 2215 1835 2257 operi-

117 2253 174 2286 bus
186 2276 196 2290 ,
204 2254 278 2286 nihil
290 2256 333 2285 eis
342 2254 426 2283 bonae
435 2251 492 2293 spei
503 2251 648 2293 reliquum
657 2247 760 2283 facere:
770 2254 840 2294 quin
850 2254 948 2296 potius
957 2255 987 2287 in
1000 2255 1173 2287 horribilem
1191 2255 1343 2286 interitum
1363 2254 1531 2296 praecipitati
1541 2265 1638 2286 totum
1648 2254 1803 2294 mundum,
1811 2257 1833 2290 fi

116 2309 177 2330 non
192 2298 277 2330 aliter
286 2296 372 2338 quim
383 2299 492 2339 Legem
503 2293 655 2328 seruando,
663 2293 778 2328 salutem
789 2298 924 2341 consequi
934 2299 1027 2340 possit.
1038 2300 1146 2342 quibus
1156 2299 1214 2330 hoc
1223 2298 1403 2341 argumentis
1412 2299 1530 2338 probet,
1538 2309 1606 2330 mox
1614 2299 1664 2331 suo
1673 2301 1741 2334 loco
1752 2302 1836 2335 vide.

115 2341 224 2374 bimus.
269 2341 421 2380 Qantuin
431 2340 467 2371 ad
476 2339 566 2371 verba
573 2337 690 2379 spestab
702 2350 790 2381 quum
803 2343 888 2373 variis
900 2343 996 2375 modis
1005 2345 1110 2376 tentari
1119 2345 1216 2376 Deum
1229 2344 1373 2384 Scriptura
1384 2341 1623 2385 dicat,significat
1633 2341 1766 2378 hocloco
1776 2349 1833 2379 Pe.

116 2395 191 2421 trus,
206 2389 302 2417 Deum
313 2383 388 2427 quasi
400 2384 462 2414 data
472 2387 560 2424 opera
567 2384 734 2425 prouocati,
746 2384 815 2415 dum
826 2386 890 2425 plus
897 2389 998 2419 oneris
1007 2388 1172 2428 imponitur
1188 2387 1361 2417 hominibus
1371 2408 1380 2422 ‚
1389 2387 1475 2428 quam
1485 2385 1540 2418 sint
1551 2385 1691 2420 ferendo:
1707 2390 1827 2433 eiusque

116 2432 250 2473 potentia
261 2430 296 2460 cii
304 2427 458 2463 conscribi,
467 2428 534 2459 dum
545 2425 837 2470 adstringitur-iugum
848 2431 930 2471 quod
938 2431 997 2473 ipse
1004 2431 1172 2474 laxat.quod
1183 2430 1257 2464 nihil
1267 2429 1345 2462 aliud
1355 2430 1494 2473 est‚quam
1506 2441 1614 2463 natuiae
1623 2435 1828 2476 repugnando3

117 2487 147 2508 vr
160 2474 472 2516 loqiiuntiii·‚gigantes
481 2469 615 2502 emulari.
655 2513 657 2515 Ι
928 2491 937 2500 .
1037 2492 1040 2496 -
1080 2476 1090 2487 ⁶>
1176 2472 1180 2475 '
1218 2512 1221 2513 .

150 2521 176 2547 v
188 2531 204 2549 vr
233 2528 244 2548 1
262 2529 280 2547 m
296 2530 311 2549 r
323 2530 340 2548 o
355 2527 372 2547 n
390 2527 406 2546 Α
420 2528 437 2547 τ
448 2526 465 2546 ν
476 2526 494 2546 ι
516 2525 528 2546 ι
540 2527 558 2546 v
568 2527 588 2547 ο
599 2524 617 2545 v
630 2524 651 2544 it
677 2523 696 2546 e
709 2527 725 2546 ε
739 2526 757 2546 κ
768 2526 787 2548 v
798 2528 808 2548 t
821 2526 839 2548 c
851 2529 862 2548 r
875 2528 890 2548 n
901 2528 919 2550 v
931 2522 958 2562 s)
971 2518 1099 2560 Simplex
1107 2517 1147 2550 est
1157 2515 1250 2549 sensus
1258 2517 1538 2550 verborum:tentari
1551 2522 1648 2551 Deum
1661 2529 1750 2561 quum
1763 2518 1828 2561 plus

116 2561 278 2603 imponitur
288 2562 387 2592 oneris
403 2559 609 2591 conscientiis.
627 2558 713 2600 quam
724 2558 799 2591 ferre
808 2560 924 2603 queani.
937 2573 1024 2605 atque
1033 2562 1220 2605 hoc'quidem
1239 2562 1330 2592 modo
1348 2564 1474 2604 grauiter
1490 2562 1605 2595 raedirur
1615 2565 1774 2597 animarum
1792 2562 1832 2594 saa

115 2604 422 2648 lus.qu.itidoquidem
432 2605 490 2636 hoc
500 2603 593 2633 modo
602 2599 716 2634 neccsse
735 2603 775 2635 est
791 2604 863 2646 ipsas
878 2605 1080 2649 desperatione
1104 2607 1190 2637 obrui
1200 2620 1210 2639 ς
1227 2604 1307 2647 quod
1327 2607 1385 2636 fine
1396 2605 1558 2637 exiriofieri
1577 2609 1689 2649 nequit.
1699 2608 1744 2640 sed
1755 2608 1831 2638 nihii

116 2649 248 2693 10m³g¹⁵
264 2647 385 2681 ferenda
401 2649 441 2689 9st
458 2657 521 2690 ‘1¹¹²
539 2648 608 2685 1)βο
618 2644 650 2678 fit
672 2647 775 2678 iniuria
790 2666 800 2684 2
817 2643 885 2682 du'm
898 2651 924 2681 ei
943 2651 987 2682 ius
996 2651 1074 2683 suum
1087 2651 1230 2691 eripitur,
1248 2659 1284 2678 ne
1302 2648 1333 2680 sit
1345 2648 1420 2679 liber
1436 2651 1464 2680 iri
1476 2651 1563 2682 nobis
1579 2651 1746 2683 liberandis.
1767 2656 1831 2686 Cre-¹·

117 2694 212 2724 terum
229 2695 266 2725 de
276 2693 342 2724 solis
353 2693 529 2724 ceremoniis
545 2701 612 2723 eum
629 2701 694 2722 non
706 2690 809 2733 loqui,
823 2703 858 2725 ex
870 2693 963 2736 teipsa
979 2694 1062 2728 facile
1079 2694 1239 2735 colligitur.
1271 2696 1336 2723 Erat
1347 2715 1354 2727 ‚
1371 2693 1482 2728 fateor,
1500 2695 1569 2726 dura
1580 2698 1611 2727 &
1627 2695 1770 2728 laboriosa
1779 2706 1830 2729 ved

116 2738 189 2768 tei-is
205 2736 378 2778 pedagogiae
395 2735 533 2766 seruitus:
548 2733 596 2765 sed
609 2735 695 2766 nimis
705 2735 858 2768 absurdum
877 2738 953 2772 foret
967 2741 1066 2771 vocari
1084 2741 1189 2779 Iugum
1207 2736 1415 2777 importabile:
1433 2740 1465 2769 ἃ*
1483 2738 1585 2770 scimus
1594 2749 1710 2771 externa
1719 2742 1828 2774 rituum

117 2778 323 2811 obseruatione
339 2789 398 2808 nori
417 2777 540 2809 Sindos
557 2778 667 2812 modb,
686 2777 831 2819 sedetiam
850 2781 1016 2824 hypocritas
1033 2781 1188 2825 plerosque
1205 2779 1260 2811 rite
1278 2779 1434 2822 eximieque
1447 2778 1502 2812 csse
1520 2782 1684 2814 defunctos.
1729 2787 1828 2828 Qiin-

116 2835 205 2855 etiam
225 2824 293 2866 Legi
312 2821 415 2854 morali
437 2819 601 2852 satisfacere
618 2832 679 2854 non
698 2821 785 2865 vsque
807 2824 883 2856 adeo
900 2827 1018 2859 difficile
1043 2825 1120 2858 foret
1139 2845 1148 2860 ‚
1175 2823 1193 2854 fi
1210 2824 1356 2866 'corporali
1374 2824 1487 2856 ‘anaim
1513 2825 1655 2868 obsequio
1676 2838 1830 2866 contenta»

114 2878 174 2899 tion
193 2870 324 2910 exigeret
342 2865 671 2906 spirituslenaiustitiam.
681 2877 782 2899 manus
798 2869 876 2903 enirn
887 2871 1020 2912 &pedes
1039 2871 1155 2903 ftaenare
1170 2868 1268 2899 multis
1276 2868 1376 2899 datum
1388 2869 1446 2898 est:
1463 2868 1558 2900 sedita
1569 2871 1712 2903 moderari
1726 2880 1831 2906 omnes

114 2909 231 2943 affe-&us
242 2932 251 2946 ‚
269 2920 368 2942 Vtram
385 2910 520 2942 inanima
539 2909 626 2952 quisti
639 2912 804 2953 incorpore
821 2912 950 2955 perfecta
966 2925 1071 2959 regnet
1084 2911 1258 2944 abstinentia
1278 2914 1310 2944 δε
1329 2912 1436 2953 puritas
1448 2933 1456 2946 ,
1473 2913 1530 2943 hoc
1542 2914 1612 2945 verb
1629 2915 1776 2958 plusquam
1788 2918 1829 2952 est

114 2956 247 2987 arduum.
281 2958 382 3002 Qiare
399 2954 513 2987 ridiculi
525 2952 588 2986 sunt
598 2954 646 2997 qui
665 2956 741 2989 Petri
760 2955 1030 3003 verbarestringunt
1047 2959 1080 2989 :id
1098 2957 1298 2991 ceremonias,
1314 2956 1420 2998 quibus
1429 2957 1600 2996 exprimitur
1610 2960 1762 2994 hominum
1774 2965 1829 2995 ini-

115 2998 260 3031 becilliras
269 3001 303 3030 ad
325 2996 506 3039 preliandum
525 2998 623 3031 cordis
632 2997 767 3030 iustitiam
776 3010 784 3030 τ
793 3010 854 3043 quae
864 3013 923 3034 non
934 3002 1026 3034 modb
1034 3000 1122 3043 longe
1132 2999 1261 3041 superior
1271 3001 1310 3031 e'st
1320 3011 1423 3031 eorum
1433 3001 1546 3032 viribus
1557 3023 1566 3038 ,
1574 3001 1619 3033 sed
1631 3014 1734 3036 naturae
1742 3016 1828 3048 pror-

117 3040 160 3072 sus
171 3043 324 3074 contraria.
358 3038 470 3074 refellit
481 3041 589 3074 scilicet
600 3053 651 3074 eos
662 3045 711 3083 qui
724 3042 760 3074 sic
771 3043 894 3078 sentiunt
910 3058 965 3080 vna
977 3047 1051 3078 ratio
1062 3067 1069 3080 ,
1080 3044 1160 3087 qubd
1171 3043 1207 3076 de
1225 3042 1291 3074 solis
1301 3045 1480 3076 ceremoniis
1499 3055 1578 3076 mota
1597 3049 1711 3089 questio
1722 3049 1826 3083 fueragg

116 3085 164 3116 sed
182 3096 240 3125 nnn
261 3087 340 3118 venit
353 3086 447 3117 illisin
464 3084 613 3119 mensem,
634 3088 754 3118 Petrum
772 3085 927 3128 attentius,
945 3101 976 3122 vt
987 3084 1368 3130 decebat,piudentiiisque
1379 3087 1583 3125 considerasse,
1595 3092 1711 3132 qualem
1729 3095 1824 3127 secum

115 3128 313 3168 labyrinthum
331 3141 410 3162 error
422 3129 450 3159 in
469 3129 678 3171 speciemleuis
695 3131 830 3164 traheret.
863 3135 1017 3177 Negabant
1026 3131 1278 3175 pseudoapostoli3
1295 3142 1462 3173 quenquam
1473 3132 1590 3165 salutem
1603 3136 1739 3180 consequi
1760 3138 1823 3178 pos-

115 3173 142 3204 se
152 3195 160 3208 ,
171 3172 220 3203 nisi
231 3174 278 3216 qui
298 3174 479 3212 ceremonias
490 3174 622 3205 seruaret.
655 3175 682 3205 Si
694 3177 832 3216 operibus
841 3178 973 3220 alligatur
983 3177 1135 3208 hominum
1146 3175 1228 3208 salus,
1240 3183 1299 3205 riori
1309 3177 1433 3217 amplius
1444 3177 1472 3208 in
1485 3179 1590 3210 Chi-isti
1602 3176 1822 3223 gratiaefundata

116 3218 181 3256 erit.
191 3226 278 3258 atque
287 3215 324 3248 ita
334 3218 471 3255 concidet
480 3219 602 3260 gratuita
613 3219 825 3251 reconciliatio.
834 3223 895 3253 Iam
907 3224 972 3259 cum
985 3223 1106 3261 impares
1118 3219 1170 3250 sint
1183 3219 1340 3259 hominum
1349 3220 1424 3252 vires
1435 3222 1576 3254 seruandae
1584 3226 1673 3267 Legi,
1685 3229 1824 3258 omnihus

115 3261 261 3293 incumbit
277 3260 442 3303 maledidio
453 3282 462 3297 ‚
480 3272 565 3302 quam
576 3262 634 3292 illic
651 3262 731 3293 Deus
741 3262 992 3308 transgressoribus
1001 3264 1163 3296 denuntiat.
1181 3273 1269 3304 atque
1281 3264 1318 3295 ita
1327 3264 1485 3306 desperatio
1495 3277 1600 3299 omnes
1611 3270 1830 3304 manebittcilm‘

115 3303 144 3335 se
162 3304 280 3335 videant
297 3312 485 3337 reos'aerernae
502 3306 604 3336 mortis
621 3305 636 3336 ὲ
654 3309 731 3348 Lege
747 3310 854 3351 peragi.
898 3311 963 3340 Hoec
978 3307 1055 3340 forte
1069 3307 1300 3348 pseudoapostoli
1316 3308 1419 3342 callide
1437 3311 1589 3342 tenebant.
1604 3311 1650 3344 sed
1668 3315 1772 3345 Petrus
1786 3313 1823 3347 ad

114 3346 226 3378 fontem
237 3346 328 3388 ipsum
339 3348 468 3387 penetrat
478 3371 486 3383 .
503 3360 536 3380 vt
547 3348 730 3380 mortiferum
741 3351 878 3384 doetrinae
887 3354 962 3383 illius
970 3362 1116 3383 venenum
1127 3361 1206 3383 eruat
1217 3352 1247 3383 in
1261 3353 1365 3384 lucem.
1373 3363 1460 3395 atque
1471 3355 1508 3386 ita
1518 3356 1605 3386 nobis
1614 3356 1758 3396 agendum
1771 3358 1821 3395 est.

114 3392 233 3433 quoties
242 3391 348 3432 impios
358 3402 468 3422 errores
476 3392 598 3435 oblique
610 3391 730 3424 insinuat
739 3396 835 3427 satan.
867 3396 964 3428 Hodie
982 3395 1151 3437 quibusdam
1163 3395 1393 3427 videmur'nimis
1403 3397 1658 3433 contentiosi,ch
1670 3395 1823 3445 tantopere

115 3445 278 3477 pugnamus
290 3433 413 3467 non'esse
423 3446 475 3476 pro
486 3438 609 3468 mortuis
619 3438 836 3471 onndummam
848 3443 880 3474 δε
889 3450 954 3470 mos
963 3439 1164 3470 vetustissimus
1175 3440 1226 3472 est,
1238 3451 1292 3471 nec
1304 3441 1426 3472 mulrilm
1437 3451 1552 3481 apparet
1571 3443 1599 3472 in
1611 3442 1733 3484 speciem
1746 3451 1823 3488 peri-

113 3480 170 3509 culi
184 3501 191 3514 ,
202 3489 240 3520 qu
248 3480 323 3509 inuis
333 3479 509 3519 superuacuae
516 3479 674 3512 fundamur
684 3483 858 3522 preces.imo
867 3483 1016 3525 plausibile
1026 3483 1065 3514 est
1075 3485 1262 3526 dogma,quia
1273 3495 1440 3525 prattextum
1453 3485 1540 3515 lubet
1551 3485 1681 3519 humanae
1694 3490 1820 3530 pietatis.

112 3524 159 3558 Sic
176 3523 265 3565 porro
278 3522 406 3555 iudicant
422 3524 714 3565 impetitihomines‚
733 3527 801 3569 quia
816 3526 930 3561 sontem
946 3527 1038 3571 ipsum
1057 3538 1119 3561 non
1134 3528 1298 3571 inquirunt.
1309 3539 1374 3560 nam
1390 3527 1410 3558 fi
1422 3528 1606 3602 admittimus
1623 3541 1677 3576 pro
1696 3537 1822 3579 mortui,
