2912 4368
796 288 864 322 126

1289 277 1364 317 IN
1417 273 1716 316 HARMO.
1766 271 1967 312 EVAN
1999 272 2049 311 G.

818 347 923 384 verbis
939 344 1084 383 sciscitari
1104 358 1159 380 eos
1169 344 1257 379 iubet
1267 366 1276 383 ‚
1288 344 1309 378 fi
1321 345 1375 391 qui
1387 342 1446 377 sint
1455 342 1498 389 pij
1508 342 1657 376 homines
1706 350 1758 387 gat
1769 351 1823 384 per
1833 340 1936 374 media
1946 337 2150 377 obstacula‚&
2162 338 2317 385 glorietur
2329 339 2358 374 se
2368 338 2492 374 bonum
2503 339 2545 376 es.
2558 338 2628 371 2.'Co
2643 349 2687 379 ,ι

821 410 856 432 ac
867 397 1005 444 integri,
1018 398 1049 429 in
1069 395 1184 443 quibus
1201 394 1306 439 vigeat
1316 394 1431 439 aliquis
1444 394 1507 425 Dei
1517 392 1615 425 timor
1625 394 1659 424 &
1708 389 1736 422 se
1753 389 1889 422 odorem
1901 390 1989 427 Deo,
2001 387 2147 434 quamuis
2155 387 2279 422 lethalis
2288 388 2323 421 fit
2335 389 2550 435 pereuntibus.
2561 388 2625 413 ‘²³9'

824 446 988 492 religio‚&
999 445 1038 479 de
1048 447 1151 490 quort't
1162 442 1326 475 docilitate
1336 440 1419 474 bene
1430 438 1543 484 sperari
1553 448 1659 484 queat,
1710 436 1872 470 Caeteritm
1883 437 1978 470 docet
1991 435 2042 468 hic
2054 435 2145 469 locus
2156 437 2264 480 quanti
2275 438 2440 470 Dominus
2450 437 2554 471 Euan·-

825 493 931 528 vtillis
941 492 1094 541 praecipue
1103 489 1186 524 suam
1197 501 1328 535 operam
1343 486 1579 521 offerant.Nam
1589 487 1664 533 quia

825 554 893 576 non
905 541 1019 576 licebat
1038 541 1072 571 in
1081 537 1210 585 singulis
1219 537 1300 570 locis
1317 536 1435 569 diutius
1446 535 1556 580 herere
1572 557 1582 572 ‚
1603 535 1666 567 ini-

828 590 908 624 tium
927 591 1000 623 inde
1017 585 1118 621 facere
1128 585 1260 621 decebat
1277 583 1332 627 ybi
1351 583 1425 618 ess'et
1436 583 1551 618 melior
1562 583 1666 629 aliqua

830 647 1025 686 praeparatio.
1236 633 1238 635 ’
1642 677 1648 683 .

876 698 902 719 11
938 684 1003 717 Illic
1021 692 1139 716 manete
1155 681 1260 715 donec.
1271 683 1291 722 )
1305 680 1380 715 Hoc
1391 691 1523 727 quoque
1535 679 1571 712 ad
1583 675 1669 712 festi-

829 735 995 767 nationem
1006 730 1206 777 spectatmam
1219 728 1239 762 {i
1251 729 1436 775 longiorem
1451 727 1567 761 alicubi
1578 728 1669 760 mori

830 781 1005 818 traxissent,
1019 780 1205 812 mutandum
1217 773 1318 810 fuisset
1328 776 1513 823 hospitium,
1525 787 1564 809 ne
1575 786 1673 808 vnum

832 830 1014 876 quempiam
1028 828 1123 861 nimis
1143 835 1318 873 grauarent.
1331 828 1443 871 Qum
1454 836 1534 870 ergo
1545 834 1673 857 manere

833 891 890 912 eos
901 878 988 911 iubet
1000 875 1146 910 Christus
1156 873 1236 919 apud
1246 873 1386 917 primum
1396 871 1556 917 hospitem
1568 872 1673 904 donce

834 927 867 960 in
882 928 973 960 aliam
986 925 1097 957 vrbem
1106 923 1246 968 migrent
1255 943 1264 958 ‚
1275 919 1429 966 fignificat
1438 919 1674 965 properandum

835 974 942 1012 effe,vt
955 973 1085 1017 vulgato
1097 971 1128 1003 in
1139 982 1199 1003 vna
1207 967 1286 1004 vrbe
1297 968 1464 1016 Euangelij
1474 967 1590 1001 nuntio
1601 979 1676 1001 mox

802 1065 804 1067 ‚
834 1023 899 1056 alio
909 1019 1067 1056 cursitent.

697 2006 771 2030 Pacis
787 2009 831 2028 no—

697 2052 766 2071 men.

872 1081 901 1103 12
938 1069 1076 1102 Salutate
1095 1065 1215 1106 illam.)
1227 1064 1315 1111 Qia
1325 1062 1449 1110 probos
1459 1064 1526 1098 Dei
1538 1064 1677 1098 cultores

837 1117 1014 1151 discernere
1026 1127 1092 1148 nou
1105 1123 1253 1160 poterant
1268 1111 1586 1158 acoiitemptoribus‚
1599 1122 1677 1155 prae-

835 1166 914 1211 cipit
924 1176 957 1199 vt
966 1164 1073 1198 obuiis
1083 1159 1231 1210 quibusq3
1240 1159 1369 1195 familiis
1382 1160 1410 1194 se
1422 1160 1522 1195 amice
1532 1159 1678 1192 insinuet.

841 1214 992 1248 Salutatio
1003 1213 1089 1246 enim
1103 1210 1233 1257 quidam
1245 1208 1334 1243 estad
1345 1210 1546 1254 colloquium
1557 1208 1679 1254 ingres-

836 1261 965 1297 sus.lam
978 1261 1107 1308 quideni
1126 1258 1284 1291 admoniti
1295 1255 1417 1290 fuerant
1428 1268 1459 1290 vt
1470 1257 1507 1290 ad
1517 1268 1573 1289 eos
1584 1259 1677 1289 cocc-

837 1313 950 1345 derent
967 1308 1106 1354 hospites
1123 1306 1156 1339 in
1175 1304 1291 1352 quibus
1302 1318 1413 1338 notum
1427 1318 1459 1338 ac
1471 1304 1595 1338 celebre
1607 1301 1680 1335 css‘et

837 1359 963 1405 pietatis
974 1357 1112 1391 studium
1127 1369 1134 1387 .·
1147 1353 1196 1387 sed
1211 1355 1281 1400 quia
1294 1354 1453 1387 interdum
1466 1352 1628 1399 contingit
1647 1360 1680 1384 vt

839 1409 894 1453 qui
905 1406 1058 1453 praelatis
1076 1401 1164 1437 fair-a:
1184 1402 1479 1448 elogium-namur,
1493 1401 1546 1434 vbi
1558 1404 1594 1434 ad
1607 1400 1682 1433 ser-a

841 1455 1032 1501 experimeta
1043 1463 1172 1487 ventum
1184 1450 1226 1484 cst
1237 1473 1247 1488 ‚
1265 1450 1430 1496 impietate
1441 1447 1521 1482 suam
1534 1449 1680 1494 prodant,

842 1505 904 1537 hoc
916 1512 1100 1548 preceptum
1115 1497 1228 1533 diserte
1239 1497 1346 1531 subiici
1358 1500 1514 1543 oportuit.
1529 1496 1628 1531 sensus
1639 1494 1681 1529 est

842 1551 941 1599 igitur
951 1573 961 1589 ‚
983 1556 994 1584 l
1009 1560 1116 1584 entare
1125 1548 1231 1594 primo
1241 1544 1377 1594 ingressu
1389 1547 1533 1592 nunquid
1546 1546 1683 1579 libenter

843 1613 901 1634 vos
913 1599 1018 1632 audite
1029 1597 1196 1632 sustineant
1207 1593 1543 1642 hospiteszquicunque
1552 1593 1686 1629 vestram

843 1647 1115 1683 doetrmilibeter
1126 1644 1262 1690 amplexi
1272 1641 1401 1681 fuerint,
1415 1645 1495 1689 apud
1510 1656 1565 1676 eos
1576 1654 1684 1676 mane-

844 1707 886 1735 te,
898 1707 930 1740 iit
940 1707 1005 1729 rata
1016 1696 1050 1729 lit
1062 1693 1161 1728 vestra
1174 1691 1350 1725 {alutatiozfi
1362 1703 1417 1739 qui
1428 1692 1615 1737 respuerint,
1628 1689 1686 1723 sla-

845 1745 902 1778 tim
913 1744 952 1778 ab
965 1744 1025 1778 illis
1036 1741 1186 1777 discedite
1197 1764 1206 1779 ‚
1219 1745 1249 1775 δι
1262 1752 1412 1786 quantum
1425 1741 1455 1773 in
1468 1739 1562 1773 v‹..bis
1572 1741 1629 1772 etit
1641 1737 1686 1771 sa-

845 1793 1036 1827 lutationem
1048 1791 1148 1825 vestra
1167 1790 1329 1823 retrahite.
1341 1789 1477 1823 Perinde
1497 1789 1582 1822 enim
1604 1789 1686 1821 valet

846 1842 970 1875 locutio
980 1839 1036 1874 acsi
1051 1837 1409 1884 dixissenQiaindigni
1421 1836 1487 1870 sunt
1499 1847 1627 1882 propter
1637 1834 1688 1868 sui

845 1889 1108 1936 iugratitudinem
1136 1887 1191 1933 qui
1207 1886 1273 1920 Dei
1292 1885 1521 1919 betiediftione
1545 1883 1686 1918 fruantur

845 1950 940 1984 quam
951 1938 1014 1970 illis
1025 1933 1145 1969 fueritis
1156 1934 1284 1980 precati,
1295 1933 1476 1978 abrumpite
1486 1946 1586 1966 omne
1596 1944 1688 1966 com-

847 1985 1074 2020 municationis
1088 1983 1400 2017 vinculumNouien
1410 1981 1499 2016 Pacis
1509 1982 1545 2014 ad
1555 1980 1689 2014 silutan-

847 2036 878 2069 di
889 2033 1060 2067 formulam
1070 2029 1222 2069 refertur-4
1234 2043 1328 2078 quam
1340 2030 1373 2063 in
1385 2030 1516 2064 comuni
1527 2030 1578 2063 vsu
1592 2029 1690 2062 habe-

845 2082 923 2116 bant
934 2082 1111 2128 Iudehuani
1122 2092 1220 2126 quum
1239 2078 1369 2125 paxillis
1379 2076 1565 2125 prosperum
1576 2077 1690 2110 statum

850 2130 1006 2178 fignificet
1017 2129 1132 2176 quibus
1142 2129 1226 2161 bene
1237 2132 1265 2162 ἃ
1278 2124 1428 2161 foelicitet·
1441 2124 1500 2160 ess'e
1511 2127 1688 2171 cupiunt,&

852 2191 954 2226 quoru
962 2193 990 2212 m
1005 2191 1053 2212 res
1064 2187 1174 2222 optant
1185 2176 1245 2209 effe
1257 2173 1350 2209 saluas
1360 2197 1370 2212 ‚
1383 2174 1432 2208 his
1444 2187 1552 2220 pacem
1563 2186 1689 2219 precan-

852 2239 913 2261 tur.
932 2229 1045 2261 Fateor
1057 2225 1185 2271 quidem
1197 2222 1374 2268 Apostolos
1385 2223 1477 2256 aliam
1487 2220 1621 2255 attulisse
1632 2220 1693 2253 ho-

852 2275 996 2310 minibus
1007 2286 1125 2320 pacem:
1138 2270 1187 2305 scd
1199 2270 1296 2304 nimis
1305 2281 1413 2316 arguta
1424 2269 1468 2303 est
1479 2282 1591 2302 corum
1603 2268 1692 2314 specu

852 2324 929 2358 latio
939 2325 993 2370 qui
1004 2324 1112 2356 locuni
1130 2320 1213 2353 hunc
1226 2318 1263 2353 ad
1276 2319 1444 2366 gratuitam
1462 2317 1527 2351 Dei
1549 2330 1620 2352 cum
1632 2316 1695 2350 ho-

854 2372 995 2407 minibus
1005 2368 1304 2403 reconciliationem
1315 2366 1455 2400 trahunt.

903 2430 941 2463 ¹4
991 2421 1173 2463 Quinque
1184 2428 1240 2448 non
1253 2417 1399 2459 receperit
1407 2415 1492 2457 vos.)
1500 2417 1615 2448 Seuera
1625 2413 1696 2446 vin-

855 2467 940 2503 diere
955 2465 1155 2498 denuntiatio
1174 2473 1284 2496 contra
1306 2461 1474 2506 Euangelij
1494 2472 1699 2506 contempto-

859 2528 909 2550 res
918 2502 998 2561 :qua
1008 2511 1179 2558 discipulos
1190 2508 1261 2542 suos
1280 2509 1421 2541 animare
1438 2507 1541 2541 voluit
1553 2508 1699 2541 Christus

860 2577 900 2597 ne
911 2563 973 2596 illis
982 2574 1142 2594 remoram
1154 2556 1279 2592 afferret
1291 2556 1400 2590 mnndi
1413 2554 1699 2602 ingratitudo.M:‘t-

860 2612 911 2646 dat
922 2610 1052 2657 quidem
1075 2606 1241 2654 Apostolis
1257 2605 1333 2651 quid
1344 2616 1436 2651 agere
1454 2602 1537 2649 ipsos
1548 2603 1625 2646 velit
1636 2603 1654 2636 li
1667 2604 1699 2635 in

861 2669 1102 2704 contemptores
1113 2655 1294 2689 inciderint:
1306 2652 1369 2687 hoc
1380 2664 1486 2687 tamen
1498 2651 1651 2698 praecipue
1661 2654 1701 2684 <6

862 2707 963 2741 silium
974 2703 1196 2745 liabtiit‚sicubi
1208 2701 1402 2748 respueretur
1421 2713 1533 2734 eorum
1545 2699 1701 2736 doetrina,

862 2755 944 2789 iusto
954 2752 1093 2799 ipsorum
1111 2751 1219 2787 dolori
1243 2755 1272 2785 &
1282 2749 1371 2796 tedio
1383 2749 1527 2782 solatium
1540 2747 1702 2786 adhibere,

863 2816 903 2838 ne
921 2805 953 2836 in
973 2803 1081 2835 medio
1103 2800 1189 2834 cursu
1214 2797 1401 2832 fatiscerent.
1439 2797 1481 2831 Et
1508 2796 1652 2830 videmus
1669 2806 1703 2828 vt

863 2852 977 2886 Paulus
990 2850 1046 2883 hac
1058 2847 1283 2884 consolatione
1296 2845 1392 2880 fretus
1402 2844 1546 2879 animose
1557 2843 1704 2890 despiciat

864 2912 997 2933 omnem
1007 2898 1178 2932 hominum
1192 2892 1621 2932 contumacianissonstanter
1632 2904 1702 2939 per-

1206 2944 1425 2978 MATTH.
1464 2944 1505 2975 X.

908 3003 945 3035 16
991 3001 1067 3032 Ecce
1077 3008 1135 3049 ego
1149 2996 1268 3032 emitto
1280 3006 1345 3030 vos
1356 2993 1455 3030 velut
1465 3004 1543 3029 oues
1554 2990 1591 3027 in
1601 2987 1709 3027 medio
1720 2988 1883 3040 luporum:

869 3052 967 3103 estote
978 3053 1081 3104 igitur
1088 3051 1274 3105 prudentes
1284 3049 1396 3087 veluti
1398 3048 1587 3103 serpentes,
1597 3044 1634 3091 ὧ
1635 3044 1719 3100 fimp
1724 3046 1802 3084 lices
1804 3048 1870 3098 st'cu

866 3106 1028 3146 columble.

914 3177 958 3213 17
1005 3169 1129 3200 Cauete
1150 3173 1259 3200 autem
1268 3160 1309 3200 ab
1322 3159 1668 3201 hominibusztradent
1679 3159 1770 3197 enim
1779 3170 1844 3195 vos
1850 3158 1887 3194 in

869 3218 1058 3261 concilia,&
1070 3214 1581 3272 infinagogisfhuflagellabunt
1590 3231 1665 3255 vos.

912 3278 950 3314 18
981 3275 1092 3311 Etiam
1103 3274 1152 3310 ad
1160 3276 1328 3325 Principes
1341 3277 1379 3319 θ’
1391 3282 1493 3328 Reges
1506 3272 1673 3312 ducemini
1677 3279 1817 3326 propter
1825 3282 1888 3316 me,

871 3333 910 3369 in
919 3330 1145 3383 testimonium
1158 3328 1230 3381 ipsis
1241 3328 1280 3373 ό·
1290 3328 1460 3368 Gentibus.

921 3399 959 3431 19
1002 3391 1116 3434 Quum
1127 3397 1240 3423 antem
1259 3382 1545 3430 tradiderinivos,
1555 3397 1599 3422 ne
1603 3382 1676 3436 fita}
1675 3379 1794 3435 saliciti
1804 3395 1890 3433 quo-

871 3441 969 3481 modo
977 3452 1036 3480 aut
1047 3441 1131 3494 quid
1138 3440 1334 3495 loquamini:
1344 3441 1480 3481 dabitur
1489 3444 1581 3480 enim
1591 3437 1690 3480 vobis
1697 3440 1735 3478 in
1743 3439 1799 3477 illa
1811 3437 1890 3476 hora

869 3500 961 3550 quid
968 3499 1166 3550 loquamini.

1713 484 1833 529 gelium
1844 483 1931 517 suum
1950 483 2081 517 aestimet
2091 497 2098 516 :
2110 487 2141 518 ὅ(
2152 483 2236 516 certe
2246 496 2342 529 quum
2353 486 2552 530 incompara-

1714 532 1790 567 bilis
1801 532 1835 565 lit
1847 530 2009 565 thesaurus
2019 553 2029 568 ,
2040 532 2136 564 nimis
2146 542 2279 576 turpiter
2289 534 2406 578 ingrati
2416 536 2484 566 lunt
2497 533 2553 580 qui

1716 579 1772 613 sibi
1783 580 1927 613 oblatum
1937 579 2114 624 repudiant.
2150 580 2280 613 Deinde
2290 592 2386 625 quum
2398 581 2555 626 sceptrum

1717 629 1754 662 sit
1764 627 1855 674 regni
1866 625 1959 672 ipsius
1968 649 1978 664 ‚
2005 640 2070 660 non
2082 625 2185 673 potest
2196 627 2260 660 line
2269 627 2430 662 manifesta
2439 632 2471 662 in
2483 642 2555 662 euin

1718 676 1913 710 contumelia
1924 673 2030 708 abiici.
2043 676 2352 722 Excutitepuluerem.
2365 677 2462 711 Sicuti
2474 678 2558 711 Eua-

1719 724 1793 772 gelij
1804 723 1984 758 doctrinam
1993 721 2043 757 hic
2053 724 2257 757 commendat
2269 724 2434 758 Dominus
2443 736 2475 758 vt
2487 738 2556 759 eain

1726 782 1907 805 reuerenter
1917 783 2031 805 omnes
2042 770 2219 817 excipiant,
2238 776 2268 807 &
2280 774 2366 818 graui
2377 784 2472 818 poene
2490 772 2558 807 san-

1725 821 1834 853 ctione
1845 819 2019 853 rebellibus
2029 829 2148 852 metum
2158 819 2270 854 incutit
2296 833 2305 853 ε
2331 821 2374 854 ita
2385 822 2560 866 Apostolos

1726 867 1815 902 iubet
1825 870 1892 902 eius
1902 880 1997 914 quam
2007 867 2172 901 denuntiat
2181 867 2312 902 vltionis
2323 881 2480 913 praecones
2489 868 2561 908 effe,

1727 917 1815 963 quod
1841 916 1910 950 fieri
1932 927 1999 950 non
2022 914 2123 960 potest
2140 916 2218 961 quin
2237 917 2393 950 acerrimo
2415 917 2563 964 doctrin?

1727 977 1821 1012 qnam
1833 965 2003 1010 praedicant
2013 963 2175 997 asserendae
2184 964 2255 997 zelo
2266 963 2412 1010 flagrent.
2429 966 2564 999 Tenen-

1728 1015 1804 1048 dum
1814 1013 1910 1059 igitur
1922 1012 2102 1048 est‚nullum
2114 1008 2172 1045 effe
2189 1012 2342 1045 idoneum
2367 1012 2494 1047 caelestis
2504 1015 2564 1049 do-

1728 1061 1836 1096 &rinae
1847 1061 2031 1106 magistrum
2054 1059 2112 1093 nisi
2130 1060 2183 1105 qui
2200 1059 2238 1093 fic
2251 1058 2379 1093 affeetus
2389 1061 2488 1095 eritvt
2498 1063 2564 1097 eius

1728 1119 1932 1155 contemptus
1942 1109 2099 1142 crucietur
2109 1119 2203 1154 atque
2215 1120 2329 1142 vratur.
2340 1107 2565 1143 Excuffirmem

1728 1158 1870 1203 pulueris
1886 1158 1948 1190 iam
1962 1167 2036 1190 tunc
2048 1158 2079 1189 in
2095 1155 2147 1189 vsu
2165 1153 2254 1190 fuisse
2273 1157 2382 1191 ludaeis
2399 1156 2567 1202 probabzle

1730 1206 1873 1252 est‚quafi
1884 1203 2092 1238 anathematis
2102 1203 2352 1250 symbolumsscsr
2364 1204 2508 1240 testatum
2521 1203 2567 1240 fe-

1731 1254 1916 1287 ciffentsam
1927 1252 2140 1299 pollutosefl'e
2150 1253 2213 1286 loci
2225 1253 2346 1286 incolas
2357 1263 2390 1286 vt
2399 1255 2569 1301 contagio-

1731 1314 1770 1334 ne
1783 1304 1832 1335 sua
1843 1313 1958 1335 terram
1969 1300 2146 1338 inficerent.
2167 1301 2325 1334 Vlitatum
2343 1299 2429 1335 fuiss'e
2442 1314 2568 1336 morem

1731 1350 1805 1384 ideo
1817 1350 1960 1384 coniicio
1968 1373 1979 1396 ἦ
1988 1351 2074 1395 quod
2086 1349 2231 1383 Christus
2242 1360 2389 1394 tanquam
2402 1351 2441 1383 de
2451 1361 2570 1384 renota

1732 1398 1994 1446 loquitur.Magis
2004 1409 2108 1430 autem
2120 1397 2267 1431 cofirnat
2287 1397 2344 1443 hec
2363 1399 2572 1432 execrationis

1732 1446 1834 1480 forma
1845 1445 1931 1493 quod
1942 1459 1993 1489 nu}
2008 1457 2040 1478 er
2050 1446 2219 1482 dixi‚nullo
2230 1446 2365 1480 crimine
2374 1447 2474 1494 magis
2484 1445 2573 1481 offen

1735 1496 1766 1528 di
1778 1497 1887 1528 Deum
1898 1496 1993 1540 quam
2005 1492 2094 1526 verbi
2106 1492 2148 1526 sui
2160 1504 2360 1540 contemptu.-
2371 1507 2474 1541 neque
2485 1496 2572 1529 enim

1735 1554 1799 1576 tam
1810 1541 1934 1576 solenni
1944 1543 2005 1574 ritu
2018 1543 2068 1574 vel
2079 1542 2251 1579 adulteros,
2268 1543 2317 1576 vel
2329 1542 2574 1582 homicidas,ch

1737 1591 1865 1638 quosuis
1875 1589 2041 1623 sceleratos
2051 1587 2264 1624 detestari'nos
2276 1590 2375 1625 iubet.

1772 1650 1800 1682 15
1839 1640 1937 1673 Amen
1954 1638 2019 1670 dico
2029 1637 2122 1671 vobis.
2141 1643 2152 1677 )
2179 1640 2233 1673 Ne
2251 1639 2394 1674 videatur
2411 1640 2505 1673 inane
2515 1638 2576 1673 esse

1736 1687 2028 1721 tet·t·iculan·1entum
2038 1709 2047 1724 ‚
2059 1687 2243 1732 pronuntiat
2260 1687 2406 1723 Christus
2416 1687 2580 1735 grauiores

1737 1737 1865 1769 daturos
1877 1747 1986 1780 poenas
1997 1735 2049 1780 qui
2060 1735 2273 1780 Euangelium
2291 1735 2465 1780 respuerint
2483 1735 2579 1781 quarn

1737 1784 1931 1817 Sodomitas.
1944 1783 2043 1826 Qod
2054 1783 2206 1815 iudicium
2219 1783 2349 1829 quidam
2362 1784 2413 1817 hic
2424 1784 2583 1828 accipiunt

1738 1843 1797 1878 pro
1811 1832 2008 1877 lerosolymae
2018 1831 2264 1868 excidio,aliem'i
2286 1831 2356 1865 esta
2379 1831 2499 1866 Clu-isti
2512 1835 2581 1865 me?-

1739 1881 1968 1914 tecommums
1979 1880 2066 1913 enim
2078 1879 2184 1922 iudicij
2195 1880 2279 1913 diem
2291 1880 2470 1926 intelligere
2481 1892 2581 1925 opor-

1739 1940 1794 1966 tet,
1807 1930 1840 1961 in
1851 1940 1916 1974 quo
1927 1929 2054 1972 Vtrique
2063 1927 2221 1961 rationem
2234 1927 2368 1962 reddent
2377 1951 2386 1966 ,
2397 1940 2430 1963 vt
2440 1927 2494 1961 fiat
2506 1941 2578 1973 poe-

1739 1989 1852 2010 narum
1863 1976 2071 2021 comparatio.
2097 1976 2273 2009 Sodomam
2285 1976 2431 2012 Christus
2440 1988 2500 2021 prae
2511 1976 2580 2010 aliis

1740 2038 1769 2059 vi
1778 2023 1872 2058 bibus
1885 2024 2145 2062 nominauit‚non
2156 2022 2280 2058 tanturn
2290 2025 2363 2071 quia
2373 2025 2521 2059 extremis
2531 2025 2582 2059 fla-

1743 2074 1829 2120 gitiis
1840 2085 1954 2106 ornnes
1964 2071 2129 2118 superauit,
2141 2070 2190 2105 sed
2204 2072 2275 2116 quia
2289 2072 2432 2118 singulari
2446 2073 2531 2116 exitij
2542 2085 2581 2119 ge

1745 2135 1820 2156 nere
1834 2121 2004 2156 Diuinitus
2022 2119 2184 2164 cosumpta
2197 2118 2256 2153 fuit
2268 2131 2300 2154 vt
2310 2119 2420 2155 seculis
2431 2121 2584 2155 omnibus

1745 2168 1859 2203 ess'etiu
1871 2170 2064 2213 exemplum,
2076 2172 2105 2201 δέ
2120 2170 2218 2202 nome
2233 2167 2334 2212 ipsum
2348 2169 2586 2203 abominationi

1745 2216 1905 2250 effetNec
1916 2219 1999 2249 tame
2011 2215 2127 2250 mirum
2139 2217 2228 2260 quod
2240 2216 2350 2250 mitius
2359 2218 2504 2252 cumillis
2514 2218 2585 2251 aeti]

1746 2265 1785 2297 i'ri
1796 2263 1943 2299 Christus
1952 2264 2137 2309 pronuntiat
2148 2263 2242 2308 quam
2254 2276 2325 2298 cum
2338 2265 2510 2300 incredulis
2529 2265 2585 2310 qui

1745 2312 1958 2358 Euangeliuni
1969 2311 2076 2346 audire
2086 2311 2265 2345 abnuerint.
2274 2314 2359 2347 Nam
2371 2327 2469 2360 quun,
2482 2312 2587 2347 autori

1748 2373 1846 2397 tatem
1857 2359 1964 2395 fietori
1974 2358 2029 2394 suo
2039 2365 2069 2395 &
2080 2359 2191 2405 opifici
2212 2372 2329 2406 negant
2345 2360 2496 2395 homines
2506 2384 2516 2400 ,
2528 2374 2588 2395 nec

1749 2411 1816 2444 eius
1826 2421 1940 2443 vocem
1950 2408 2110 2442 audientia
2118 2409 2302 2456 dignantur,
2313 2409 2381 2443 imo
2393 2409 2534 2456 benigne
2546 2422 2588 2442 vo

1750 2469 1874 2491 cantem
1885 2457 2059 2502 repellunt,
2071 2460 2101 2491 δι
2113 2456 2224 2490 omnia
2240 2456 2412 2492 liberaliter
2421 2458 2590 2504 pollicenti

1750 2505 1846 2538 fidem
1858 2504 2084 2550 derogantthec
2095 2505 2240 2550 impietas
2249 2504 2333 2552 quali
2344 2504 2506 2551 supremus
2517 2519 2591 2540 om-

1751 2554 1841 2585 nium
1853 2549 2002 2585 scelerum
2016 2554 2160 2586 cumulus
2168 2552 2325 2593 est.Quod
2339 2553 2358 2586 fi
2369 2554 2495 2588 obscuri
2506 2555 2591 2588 iilius

1751 2598 1900 2645 praeconij
1911 2598 2063 2643 repulsam
2075 2598 2203 2645 sequuta
2213 2600 2257 2635 est
2267 2604 2294 2635 τὲ
2306 2601 2371 2635 dira
2383 2603 2463 2637 vltio
2474 2625 2484 2641 ,
2496 2602 2591 2649 quam

1754 2646 1908 2681 terribilis
1918 2659 2000 2680 nunc
2012 2660 2068 2680 cos
2078 2659 2172 2693 poena
2182 2659 2290 2681 manet
2312 2650 2365 2695 qui
2380 2650 2509 2684 Christo
2521 2651 2591 2695 ple-

1754 2709 1798 2729 no
1806 2696 2060 2741 oreloquentem
2070 2695 2368 2730 reiiciunt?Deinde
2379 2697 2399 2731 fi
2412 2708 2475 2731 tarn
2488 2697 2594 2733 seuere

1754 2743 1977 2778 animaduertit
1996 2751 2082 2781 Deus
2095 2744 2128 2777 in
2141 2753 2391 2789 contemptores,
2405 2746 2479 2792 quid
2491 2744 2594 2780 furio-

1754 2791 1947 2827 sishostibus
1965 2794 2020 2829 fiet
2038 2792 2092 2841 qui
2111 2794 2162 2826 vel
2178 2790 2420 2838 blasphemiis&
2439 2795 2595 2830 virulenta

1753 2842 1861 2888 lingua
1873 2852 2061 2890 oppugnant
2079 2839 2290 2886 Enangelium
2304 2863 2314 2879 ‚
2324 2843 2375 2876 vel
2385 2843 2555 2877 crudeliter
2565 2843 2594 2876 i-

1754 2889 1872 2937 gnibus
1885 2893 1915 2923 &
1927 2891 2042 2936 gladiis
2052 2887 2294 2936 persequuntur?

1897 2939 2040 2976 MARC.
2193 2938 2220 2970 L
2239 2938 2268 2970 V
2289 2937 2331 2971 C.
2367 2938 2459 2972 XII.

2126 2999 2156 3025 11
2201 2991 2324 3036 ,Quum
2352 2999 2466 3026 autem
2484 2986 2593 3026 addu-

2091 3043 2204 3080 verint
2221 3057 2288 3084 vos
2305 3045 2343 3080 in
2353 3042 2533 3097 synagogas
2553 3044 2594 3090 &-

2087 3097 2381 3152 achagistratus
2389 3111 2426 3135 ac
2443 3099 2593 3150 Potesta-

2087 3150 2382 3203 tes,nolitesbliciti
2399 3151 2457 3207 esse
2477 3154 2594 3207 quali-

2088 3219 2140 3247 ter
2155 3220 2215 3248 ιω
2241 3206 2328 3261 quid
2359 3210 2595 3263 respondeam,

2088 3274 2146 3304 aut
2152 3263 2240 3317 quid
2248 3264 2377 3303 dicam.

2129 3331 2168 3359 12
2213 3321 2356 3375 Spiritus
2366 3321 2596 3374 enimscinbi‘us

2089 3376 2216 3414 docebit
2245 3389 2310 3413 vos
2329 3380 2368 3413 in
2376 3377 2492 3416 eadem
2511 3378 2595 3419 hora

2089 3431 2175 3485 quid
2182 3441 2327 3484 oporteat
2340 3445 2404 3472 vos
2417 3434 2540 3475 dicere.

916 3570 932 3590 z
940 3570 965 3593 ο
995 3560 1085 3602 Non
1095 3557 1187 3591 enim
1198 3567 1263 3590 vos
1273 3554 1344 3602 estis
1353 3557 1410 3605 qui
1423 3550 1672 3607 loquiministd
1676 3551 1818 3606 Spiritus
1830 3558 1902 3602 Pa-¹

874 3610 933 3645 mk
942 3610 1046 3661 vestri
1057 3612 1118 3663 qui
1132 3609 1283 3662 liquitur
1293 3612 1332 3647 in
1342 3608 1448 3648 vobissae.

2442 3600 2592 3636 Mandata

2712 454 2714 467 4

2713 470 2714 482 l

2713 549 2716 562 l
