2310 3841
429 169 475 216 98
916 156 990 201 ΙΝ
1057 155 1291 201 Ac-TA
1353 155 1622 212 apost.

312 1569 378 1591 =.C0r
387 1583 392 1590 .
403 1575 428 1595 14
437 1581 445 1589 .

313 1598 429 1630 {hyde-52
439 1617 444 1623 .

322 2692 433 2723 Δᾶμις.

331 3176 438 3206 Tit-3.b.5.

434 233 640 269 somniabant,
652 228 723 274 quin
733 229 831 263 saneto
838 229 897 261 Dei
908 226 1018 262 foederi
1030 229 1126 272 grauis
1135 229 1218 261 fieret
1230 228 1344 261 iniuria·
1366 230 1505 271 quorsum
1517 228 1595 261 enim
1605 231 1680 267 Lex,
1693 229 1744 263 nifi
1757 235 1789 264 vt
1806 226 1842 262 ad
1857 230 2021 266 notandum
2038 229 2182 265 dissidium

441 281 557 314 medius
565 277 635 309 esset
644 278 753 318 paries?
764 276 871 308 deinde
881 295 890 309 ,
901 275 1043 317 quoniam
1053 276 1089 306 ad
1100 273 1245 305 dissidium
1258 274 1330 304 illud
1341 285 1404 306 tota
1413 276 1473 306 vita
1482 272 1582 317 assueri
1593 278 1706 307 ruerant
1717 299 1726 312 ,
1737 276 1812 308 adeo
1823 287 1876 307 eos
1885 277 2018 318 perceliit
2035 277 2184 321 inopinata

444 326 486 357 rei
496 324 624 358 nonita,
635 331 666 353 vt
676 332 780 352 eorum
791 320 894 352 animis
905 319 1027 353 excidat,
1035 318 1180 362 quicquid
1190 318 1416 349 admirationem
1429 318 1527 349 sedare
1536 319 1692 352 debuisset:
1701 322 2010 364 denique,mysterium
2020 334 2078 354 non
2089 322 2184 353 statim

443 366 658 409 oapiunt‚quod
668 366 682 396 Ξι
692 376 791 397 creato
801 364 889 406 vsque
898 363 1010 396 mundo
1021 365 1141 406 Angelis
1150 363 1301 394 occultum
1312 362 1393 394 fuisse
1404 363 1490 394 docet
1500 363 1616 394 Paulus.

475 425 489 442 2
523 414 550 443 D
562 423 573 440 1
585 425 596 442 s
609 423 625 441 c
642 422 656 441 ε
677 423 690 440 r›
704 422 720 440 r
739 421 754 440 A
771 422 784 443 ις
800 422 815 439 Α
830 420 848 438 n
861 421 879 440 r
906 421 923 441 c
938 421 986 441 vm
1012 421 1027 439 E
1042 422 1059 439 o
1072 412 1102 448 .)
1136 408 1232 438 Errnri
1255 417 1287 438 vt
1305 408 1464 448 plurimum
1483 419 1584 439 comes
1599 407 1713 439 accedit
1731 410 1907 450 peru‘cacia.
1940 411 2006 439 Hoc
2021 409 2077 440 iam
2098 411 2187 441 nimis

442 454 533 487 crassae
542 455 711 497 ignorantie
723 456 829 486 vitium
842 465 903 485 erat
914 474 922 488 ,
933 453 1013 496 quod
1024 455 1137 483 Gentes
1150 451 1257 482 eodem
1268 451 1337 483 fidei
1348 453 1461 493 Spiritu
1472 452 1524 483 sibi
1535 453 1629 484 vnitas
1647 464 1707 483 non
1726 455 1840 495 placide
1857 453 2040 494 recipiebant
2057 454 2086 485 in
2103 455 2186 486 suum

443 496 599 542 gremium.
635 503 716 540 atqui
728 520 736 534 ‚
749 510 811 530 non
822 497 950 530 resiliunt
964 498 1054 528 modo
1064 519 1073 532 ‚
1083 496 1131 528 sed
1143 497 1330 527 contentiose
1341 507 1409 528 tum
1418 499 1509 528 Petro
1519 498 1636 538 litigant
1647 519 1655 532 ‚
1666 507 1752 538 atque
1763 499 1793 528 in
1812 500 1923 529 crimen
1943 505 2048 529 vocant
2065 499 2129 530 eius
2145 498 2188 530 fa-

445 545 523 575 stum
539 566 549 580 ,
565 543 859 585 quodsumnialaude
868 544 989 584 dignum
1011 542 1083 573 erat.
1118 543 1230 572 Gentes
1245 541 1368 572 audiunt
1385 541 1549 572 sermonem
1567 542 1625 572 Dei
1648 543 1890 584 amplexas,quid
1909 542 2003 573 obstat
2020 540 2109 583 igitur
2126 554 2187 584 quo

445 591 542 620 minus
554 599 600 620 eas
609 589 753 628 amplexi,
765 587 932 618 societatem
946 586 994 617 sub
1005 587 1060 617 Dei
1072 586 1156 617 vnius
1177 586 1305 626 imperio
1323 585 1527 627 colantzquod
1548 588 1626 617 enim
1647 586 1769 616 sanctius
1785 587 1840 618 ess'e
1858 586 1952 628 potest
1969 587 2189 619 coniunctionis

443 634 594 665 vinculum
605 655 614 668 ,
625 634 712 674 quam
723 633 792 664 dum
804 643 863 664 vno
875 629 1012 662 consensu
1021 641 1127 662 omnes
1137 629 1218 660 simul
1232 633 1298 661 Deo
1307 631 1450 664 adhaerent
1460 637 1471 661 Ξ
1483 634 1514 662 &
1524 641 1573 662 cur
1584 641 1644 660 non
1655 628 1850 662 coalescerent
1862 633 1891 663 in
1901 642 1990 662 vnum
2004 642 2111 672 corpus
2124 633 2188 673 ‚qui

446 679 574 708 Mediam
586 680 642 708 Dei
653 676 704 708 sibi
716 688 802 719 caput
813 676 1014 707 constituunt?
1042 676 1100 706 Sed
1111 675 1178 717 quia
1188 675 1332 706 videbant
1342 685 1487 706 externam
1506 677 1594 717 Legis
1609 675 1735 706 formam
1756 677 1858 707 violari
1868 698 1877 711 ,
1889 676 2030 716 putabant
2045 676 2189 717 quodam-

448 722 542 754 modo
552 721 663 753 misceri
675 721 774 752 caelum
787 732 877 752 rerrae.
918 719 1053 751 Obserua
1062 731 1159 751 autem
1172 741 1181 755 ‚
1191 730 1282 761 quum
1294 721 1372 761 prius
1383 721 1486 751 dixerit
1497 723 1588 750 Lucas
1599 720 1755 762 Apostolos
1771 723 1803 751 δε
1813 720 1913 750 fraires
1923 719 2029 750 famam
2040 720 2116 751 hanc
2134 731 2185 752 au-

451 765 553 798 diuiffe
562 787 571 800 ‚
581 767 617 798 de
626 764 787 797 offensione
798 776 858 795 non
870 764 966 796 fecisse
975 765 1099 796 verbum
1109 785 1117 800 ‚
1128 775 1206 795 nunc
1216 774 1313 795 autem
1333 764 1473 796 inducere
1490 764 1566 806 quasi
1585 774 1691 795 nouam
1712 765 1866 795 hominum
1886 764 1989 795 seciam
2000 785 2009 798 ‚
2020 775 2081 805 quae
2099 776 2189 797 cetta-

453 823 522 843 men
538 822 604 843 cum
615 813 706 842 Petro
717 810 878 852 susceperit.
917 822 933 840 A
944 820 962 842 v
974 821 993 840 t>
1008 821 1018 840 1
1033 821 1049 840 ε
1063 821 1106 840 riv
1123 822 1140 840 N
1157 822 1174 840 τ
1188 831 1196 846 ,
1207 810 1322 850 inquit,
1336 808 1447 840 fratres.
1483 808 1557 839 nihil
1575 807 1673 850 postea
1690 810 1789 840 addit:
1801 809 1930 851 sequitur
1942 831 1951 844 ‚
1971 820 2018 845 ευ]
2035 821 2050 840 ν
2062 821 2083 840 Μ
2118 823 2133 841 ν
2146 822 2162 841 ε
2177 827 2189 834 -

457 868 474 886 n
494 868 504 885 i
519 867 530 884 s
551 866 563 885 s
581 867 596 886 ε
609 868 625 886 ·r
644 858 747 886 Petrus
760 853 967 895 lerosolymam
979 856 1048 896 ‚qui
1059 864 1092 884 ex
1103 854 1325 886 Circuncisione
1335 865 1435 888 erant,
1446 865 1514 885 cum
1533 865 1569 883 eo
1584 854 1734 895 litigarunt
1748 865 1839 895 :quos
1857 853 1934 885 certe}
1945 853 1960 883 31
1976 854 2125 894 primibus
2143 855 2188 883 di-

454 900 551 931 uersos
560 898 644 932 fuisse
652 910 782 940 oportet,
816 899 923 931 deinde
934 921 942 934 ‚
961 899 1246 940 particulampmfic
1257 910 1316 930 non
1327 898 1494 940 simpliciter
1505 900 1616 929 ludaeos
1634 910 1716 930 notat
1729 921 1738 934 ,
1748 898 1794 929 sed
1813 900 1862 940 qui
1880 898 2059 929 ceremoniis
2078 898 2191 939 Legali-

452 945 508 976 bus
517 945 641 976 nimium
652 945 759 976 addiffl
771 943 870 975 essent.
905 944 985 974 Nulli
998 946 1076 974 enim
1088 943 1320 984 ierosolymitani
1331 954 1402 974 tunc
1413 954 1493 974 erant
1505 943 1534 974 in
1553 943 1660 973 Christi
1679 955 1769 985 grege
1780 963 1788 976 ,
1801 943 1850 974 nisi
1873 941 2023 974 ciicuncisi
2035 956 2041 971 2
2051 943 2066 972 a
2081 944 2190 983 quibus

451 989 543 1032 igitur
554 989 623 1020 istos
634 988 985 1021 discernet-eoPossremb
995 1008 1003 1022 ‚
1014 988 1171 1019 verisimile
1181 999 1241 1018 non
1254 988 1371 1019 videtur
1380 988 1458 1030 qubd
1469 989 1601 1029 Apostoli
1613 990 1644 1019 8(
1653 990 1745 1028 quiex
1757 988 1888 1019 fidelium
1899 997 2022 1017 numero
2033 997 2112 1017 erant
2123 999 2190 1018 mo-

452 1034 632 1069 deratiores,
648 1034 768 1076 aggressi
781 1032 889 1064 suerint
901 1034 1125 1070 lioccerramen.
1154 1032 1208 1063 Etsi
1219 1034 1296 1063 enim
1307 1030 1421 1064 fuissent
1431 1031 1529 1063 offeni}
1543 1055 1550 1067 ‚
1561 1042 1696 1073 poterant
1707 1043 1805 1064 tamen
1817 1033 1955 1073 priuatim
1972 1033 2091 1062 Petrum
2117 1041 2189 1063 con-

453 1079 600 1114 uenire,&
611 1080 647 1109 ab
658 1090 695 1109 eo
706 1080 821 1119 exigere
834 1076 1067 1108 factitationem.
1101 1077 1153 1107 His
1165 1077 1328 1108 rationibus
1338 1087 1564 1110 moneor-,vteos
1576 1087 1608 1106 ex
1619 1077 1841 1107 Circuncisione
1852 1076 1909 1106 dici
1921 1075 2082 1106 existimem
2095 1085 2182 1116 ,qnos

453 1133 531 1154 tanta
540 1119 759 1154 circuncisionis
768 1122 872 1163 religio
881 1121 1015 1156 tenebar,
1024 1131 1055 1152 vt
1065 1121 1174 1152 nemini
1186 1120 1286 1152 locum
1298 1122 1326 1151 in
1339 1132 1431 1164 regno
1441 1125 1508 1152 Deo
1517 1121 1789 1162 permitterent‚nisi
1807 1121 1856 1162 qui
1877 1120 1962 1162 Legis
1979 1118 2186 1162 professionem

454 1166 707 1208 susciperet‚atque
720 1168 776 1197 hoc
788 1165 864 1197 sacro
874 1166 929 1196 ritu
940 1166 1068 1196 initiatus
1079 1167 1105 1195 in
1117 1165 1272 1196 Ecclesiam
1284 1166 1502 1197 immunditiem
1516 1176 1643 1196 exueret.

486 1215 588 1251 3Ai)
616 1222 651 1242 vi
667 1222 713 1240 Ro
730 1222 741 1240 s
774 1222 788 1240 1>
804 1222 857 1242 κῆ
872 1221 1032 1241 nvi-tvm
1063 1220 1082 1239 it
1099 1222 1113 1240 Α
1131 1222 1173 1240 er,
1188 1222 1205 1240 n
1222 1222 1239 1240 τ
1255 1221 1271 1240 ε
1286 1222 1297 1239 s
1313 1210 1341 1250 .)
1366 1214 1433 1241 Non
1455 1221 1515 1241 erat
1534 1211 1592 1240 hoc
1611 1214 1688 1252 Lege
1708 1210 1766 1240 Dei
1785 1209 1911 1240 vetitum
1929 1231 1938 1244 ,
1955 1207 2002 1238 sed
2019 1208 2187 1240 obseruatio

453 1266 514 1287 erat
525 1255 540 1286 Ξι
549 1255 684 1286 Patribus
695 1267 745 1296 per
757 1265 857 1286 manus
867 1254 981 1286 tradita.
1013 1257 1078 1285 Nec
1088 1265 1184 1285 tamen
1194 1255 1412 1295 excipitPetrtis
1422 1257 1474 1286 hac
1486 1255 1514 1285 in
1527 1265 1607 1295 parte
1617 1255 1703 1285 nimis
1722 1266 1748 1294 pi
1757 1254 1833 1296 {eise
1851 1252 1946 1284 secum
1964 1255 2009 1294 agi
2021 1275 2030 1288 ‚
2041 1253 2066 1283 se
2085 1253 2188 1284 hnma-

453 1299 752 1342 naeiegisneceffitate
764 1300 884 1330 minime
895 1299 1047 1340 obstringi.
1081 1308 1173 1330 totam
1192 1298 1268 1332 hanc
1285 1298 1485 1330 defensionem
1505 1298 1693 1332 omittittsed
1709 1298 1822 1329 tannim
1839 1297 1993 1338 respondet
2005 1299 2098 1337 ,ipsos
2115 1298 2188 1330 adse

451 1346 564 1384 priores
573 1343 683 1375 venisse
698 1355 746 1379 ‚vt
757 1343 892 1385 sibiquasi
903 1345 958 1375 Dei
971 1354 1057 1374 manu
1070 1344 1197 1374 oblatos·
1222 1343 1369 1374 Caeteriim
1380 1366 1387 1379 ,
1400 1344 1534 1374 videmus
1543 1342 1589 1374 iiie
1601 1354 1689 1374 raram
1702 1345 1778 1374 Petri
1791 1343 1962 1372 modestiam
1973 1362 1980 1375 ‚
1995 1343 2076 1382 quod
2093 1353 2184 1383 quum

451 1387 546 1420 fretus
556 1389 690 1420 bonitate
701 1388 785 1420 causae
795 1410 803 1423 ,
815 1389 951 1420 homines
960 1388 1113 1428 imperitos
1124 1409 1134 1424 ‚
1145 1388 1194 1429 qui
1205 1387 1308 1419 iniuste
1317 1388 1428 1419 molesti
1441 1399 1518 1420 etant
1532 1408 1541 1422 ,
1551 1388 1681 1429 spernere
1694 1386 1785 1429 poss-:t
1795 1399 1802 1418 ·.
1813 1387 1837 1417 se
1848 1398 1945 1418 taimen
1963 1387 2020 1417 illis
2031 1409 2039 1422 ‚
2050 1397 2080 1417 vt
2101 1389 2187 1419 decet

451 1434 529 1465 inter
540 1432 638 1464 fratres
649 1432 710 1463 fieri
721 1454 729 1467 ‚
741 1434 862 1465 comitet
873 1432 994 1464 excusat.
1025 1433 1087 1464 Fuit
1097 1433 1218 1474 quidem
1227 1433 1285 1462 haec
1295 1443 1354 1463 non
1365 1434 1438 1464 lenis
1449 1444 1573 1464 tentatio
1585 1454 1593 1468 ,
1603 1433 1682 1474 quod
1692 1432 1812 1474 indgne
1822 1431 2000 1463 accusaretur
2011 1453 2018 1467 ,
2031 1443 2186 1473 propterea

451 1477 532 1520 quod
543 1477 668 1509 fideliter
681 1480 747 1508 Deo
758 1477 938 1519 obsequutus
949 1475 1034 1508 effer:
1048 1476 1095 1508 sed
1105 1478 1173 1518 quia
1184 1477 1259 1508 hanc
1268 1477 1364 1519 legem
1374 1479 1428 1509 toti
1440 1477 1568 1509 Ecclesiae
1578 1477 1740 1519 impositam
1753 1475 1809 1507 effe
1819 1486 1939 1507 nouerat
1951 1497 1959 1511 ,
1969 1486 2001 1506 vt
2021 1476 2140 1516 quilque
2150 1476 2187 1507 ad

451 1522 630 1554 reddendam
640 1522 779 1554 doctrinae
791 1525 822 1554 δε
834 1533 896 1554 vitae
906 1523 1052 1554 rationem
1064 1532 1183 1562 paratus
1193 1521 1226 1553 sit
1237 1543 1246 1556 ‚
1255 1532 1373 1563 quoties
1384 1524 1421 1552 ita
1434 1533 1477 1552 res
1489 1522 1629 1562 postulat:
1640 1525 1671 1553 ἃ
1683 1523 1855 1552 meminerat
1867 1521 1893 1552 se
1903 1531 1993 1551 vnum
2004 1519 2059 1551 effe
2070 1530 2104 1556 ex
2121 1532 2188 1562 gie-

454 1577 507 1609 ge‚
519 1578 579 1598 non
593 1567 683 1598 modb
695 1567 724 1599 in
735 1567 869 1598 ordinem
880 1566 907 1598 se
916 1567 983 1608 cogi
995 1566 1103 1607 patitur
1115 1587 1125 1601 ‚
1135 1565 1182 1597 sed
1191 1563 1293 1607 sponte
1307 1566 1433 1607 Ecclefie
1452 1567 1562 1599 iudicio
1579 1564 1605 1595 se
1624 1566 1780 1596 suomittit.
1816 1565 1957 1595 Dodti-ina
1976 1566 2093 1606 quidem
2105 1586 2113 1599 ,
2125 1565 2142 1594 si
2154 1574 2189 1595 ex

453 1615 522 1643 Deo
534 1611 566 1643 sit
577 1634 586 1647 ‚
598 1612 677 1653 supra
689 1612 808 1642 humani
820 1612 921 1652 iudicij
931 1612 1021 1641 aleam
1034 1610 1129 1640 locata
1140 1609 1181 1640 est
1192 1632 1200 1644 ,
1212 1610 1259 1640 sed
1282 1610 1350 1651 quia
1363 1613 1513 1641 Dominus
1533 1610 1717 1650 prophetiam
1737 1608 1800 1640 vult
1820 1608 1942 1640 iudicari
1957 1630 1965 1643 ‚
1975 1608 2033 1639 haec
2051 1610 2186 1640 conditio

456 1655 578 1687 rnin’imt‘:
587 1655 741 1687 recusanda
750 1656 789 1686 est
798 1655 875 1686 illius
883 1655 969 1685 seruis
978 1676 986 1689 ,
997 1664 1027 1685 vr
1036 1653 1062 1684 se
1074 1652 1130 1684 esse
1143 1655 1270 1695 probent
1279 1654 1379 1696 quales
1389 1654 1488 1685 haberi
1500 1655 1612 1685 volunt.
1646 1653 1789 1684 Caetert‘im
1802 1673 1811 1686 ‚
1825 1663 1884 1694 quo
1895 1653 1983 1693 vsque
1994 1653 2099 1683 debeat
2117 1665 2186 1694 pro-

456 1701 537 1742 gredi
548 1710 606 1731 tam
617 1699 754 1730 doCtrinae
764 1699 849 1739 quam
861 1697 1003 1730 fastorum
1013 1696 1143 1730 defensio
1154 1720 1162 1734 ‚
1173 1709 1242 1729 mox
1250 1698 1430 1730 videbimus·
1465 1701 1530 1729 Hoc
1550 1700 1578 1728 in
1598 1697 1741 1737 praesentia
1759 1697 1919 1728 tenendum
1941 1697 1996 1730 est,
2015 1701 2133 1729 Petrum
2150 1698 2188 1729 ad

456 1743 567 1775 causam
576 1743 729 1776 dicendam
742 1744 868 1775 libenter
878 1742 1070 1776 descendere,
1081 1754 1169 1783 quum
1182 1740 1360 1772 eiusfastum
1372 1743 1563 1783 improbatur.
1597 1743 1690 1776 Quod
1700 1742 1716 1771 si
1727 1742 1807 1771 Petri
1826 1739 1964 1771 successor
1979 1741 2018 1771 est
2037 1744 2187 1773 Romanus

455 1791 533 1830 Papa
544 1809 552 1822 ‚
566 1799 615 1819 cur
626 1798 685 1819 non
696 1789 796 1820 eadem
808 1788 874 1829 lege
886 1787 1047 1818 tenebitur?
1057 1789 1093 1816 Vt
1103 1786 1206 1816 demus
1216 1786 1274 1815 hoc
1285 1785 1484 1816 voluntarium
1495 1785 1575 1816 fuisse
1586 1785 1778 1816 submissionis
1789 1795 1882 1826 geniis
1893 1807 1902 1820 ‚
1912 1795 1963 1814 cur
1979 1794 2075 1815 tamen
2094 1786 2189 1816 osteri-

455 1832 517 1864 sum
526 1832 577 1862 sibi
588 1832 644 1863 tale
655 1832 795 1872 modestie
804 1830 971 1869 exemplum
983 1840 1042 1861 non
1057 1829 1188 1860 imitatur
1197 1826 1354 1860 successor?
1367 1833 1542 1871 Qianquam
1556 1841 1615 1860 non
1625 1831 1716 1870 longo
1728 1829 1851 1859 circuitu
1864 1830 1910 1860 hic
1928 1839 2004 1870 opus
2021 1829 2070 1860 est.
2088 1840 2154 1861 nam
2166 1830 2186 1862 si

456 1886 559 1907 verum
571 1876 610 1906 est
622 1875 702 1915 quod
711 1876 740 1905 in
749 1874 955 1916 sacrilegissuis
965 1873 1103 1905 Decretis
1111 1883 1236 1905 vomunt
1244 1875 1324 1915 Papo
1333 1895 1341 1908 ,
1351 1874 1463 1914 perside
1473 1873 1543 1906 sedis
1553 1873 1604 1904 suae
1612 1874 1766 1916 priuilegia
1777 1873 1900 1904 deseruit
1911 1876 2014 1904 Petrus
2025 1884 2128 1915 ratque
2147 1875 2187 1908 ita

453 1922 591 1951 Romanae
600 1919 672 1950 sedis
681 1918 816 1960 proditor
825 1917 892 1950 fuit.
919 1919 1070 1960 possquam
1083 1919 1163 1949 enim
1174 1919 1282 1960 Papam
1294 1920 1387 1949 totius
1406 1919 1507 1950 mundi
1525 1919 1652 1950 iudicem
1669 1917 1803 1950 fecerunt
1815 1920 1883 1960 ‚qui
1899 1918 2056 1950 hominum
2073 1919 2188 1951 iudicio

454 1975 514 1995 non
529 1964 688 1996 subiaceat:
699 1963 849 2005 postquam
859 1974 926 1995 eum
938 1964 1103 1994 extulerunt
1115 1961 1196 2004 supra
1215 1962 1311 1994 nubes
1322 1973 1371 1998 ‚ssvt
1381 1963 1396 1993 a
1414 1963 1562 1994 reddenda
1582 1964 1698 1994 ratione
1715 1966 1855 1994 immunis
1865 1982 1874 1997 ‚
1884 1962 2037 1994 arbitrium
2057 1963 2136 1995 suum
2155 1974 2189 1995 ac

450 2007 606 2040 libidinem
617 2019 670 2050 pro
680 2008 746 2050 lege
755 2008 862 2039 habeat
873 2021 879 2039 :
890 2018 957 2038 mox
967 2007 1038 2038 sedis
1049 2007 1221 2049 Apostolicae
1231 2018 1388 2049 patronum
1397 2009 1579 2040 constituunt
1588 2030 1597 2044 ,
1608 2008 1660 2050 qui
1676 2008 1740 2039 eius
1755 2008 1911 2050 priuilegia
1927 2005 2043 2038 strenue
2059 2018 2188 2040 tueatur.

450 2054 545 2084 Cuius
554 2063 625 2096 ergo
637 2053 758 2095 ignauiae
766 2053 949 2084 damnandus
956 2053 1010 2083 erit
1020 2055 1122 2083 Petrus
1135 2074 1142 2087 ,
1154 2051 1228 2083 fiius
1237 2051 1288 2083 fibi
1298 2053 1313 2083 a
1323 2055 1390 2084 Deo
1409 2053 1546 2084 collatum
1557 2072 1566 2086 ‚
1576 2062 1635 2084 tam
1653 2049 1739 2084 facile
1758 2052 1894 2085 cedendo
1912 2051 2020 2083 abiecit
2031 2058 2041 2082 ἒ
2052 2063 2102 2084 cur
2123 2064 2186 2086 non

445 2096 545 2128 saltem
555 2098 719 2129 objiciebat
730 2119 739 2133 ‚
750 2099 786 2128 Se
795 2097 913 2139 legibus
932 2097 1057 2129 solutum
1075 2093 1191 2132 effe,&
1202 2098 1353 2128 communi
1371 2097 1476 2128 ordine
1493 2097 1779 2138 exemptum?Atqui
1796 2097 1886 2131 ‚nihil
1905 2097 1964 2127 tale
1981 2094 2188 2136 praefatur‚sed

445 2142 523 2173 resta
534 2141 696 2185 ingreditur
708 2143 736 2172 in
748 2141 869 2174 cansam.
916 2146 980 2173 Nos
990 2142 1061 2174 verb
1072 2142 1305 2179 meminerimus,
1315 2141 1389 2173 nihil
1398 2142 1512 2173 obstare
1525 2141 1691 2183 quo'minus
1700 2140 1812 2172 idolum
1824 2140 1895 2171 illud
1905 2139 2001 2171 secure
2012 2151 2188 2174 contemne-

445 2195 477 2218 re
486 2183 704 2228 liceat‚quando
723 2182 777 2217 sibi
793 2196 851 2218 tam
868 2184 1005 2228 effrenem
1017 2187 1201 2227 tyrannidem
1213 2185 1388 2228 vlurpans‚se
1398 2197 1433 2217 ex
1441 2186 1649 2228 Episcoporum
1660 2196 1785 2216 numero
1793 2185 1940 2225 expunxit.
2121 2188 2123 2193 ⁴

480 2232 586 2261 Exoits
594 2242 629 2263 vs
646 2241 741 2262 autem
750 2231 879 2270 Petrus.)
898 2232 978 2271 Qia
988 2233 1090 2263 eadem
1101 2231 1141 2262 est
1151 2231 1277 2263 narratio
1287 2242 1372 2273 quam
1384 2232 1519 2272 proximo
1530 2232 1625 2271 capite
1634 2230 1793 2261 habuimus
1803 2251 1811 2264 ‚
1822 2228 1963 2261 &iisdem
1973 2227 2067 2269 prope
2086 2229 2188 2261 verbis

447 2276 606 2315 repetitur:
618 2275 716 2316 siquid
725 2275 967 2316 interpretatione
979 2275 1092 2317 indiget
1101 2297 1111 2311 ,
1120 2275 1189 2306 inde
1199 2275 1446 2316 petantlectores.
1474 2275 1637 2307 Consilium
1649 2273 1722 2306 verb
1731 2275 1809 2306 Petri
1823 2277 1854 2305 δε
1867 2283 1929 2305 tota
1946 2273 2092 2303 orationis
2109 2272 2187 2305 sum-

449 2329 497 2349 ma
508 2340 517 2354 ,
527 2329 561 2349 ex
571 2318 693 2349 clausula
709 2319 832 2359 patebit.
856 2323 1023 2362 Antequam
1042 2329 1141 2351 tamen
1161 2320 1231 2351 illuc
1249 2321 1366 2352 veniam
1376 2342 1386 2355 ,
1396 2321 1527 2351 breuiter
1545 2318 1762 2350 obseruandum
1779 2318 1836 2352 est,
1845 2317 1926 2359 qnod
1948 2316 2190 2358 praedicationem

449 2363 600 2405 Euangelij
614 2362 707 2393 salutis
716 2362 826 2394 causam
838 2361 917 2394 facit.
954 2374 1073 2395 Ανῡιεε
1090 2384 1100 2398 ,
1111 2364 1207 2405 inquit
1219 2387 1227 2399 ‚
1238 2365 1327 2396 verba
1338 2366 1366 2394 in
1377 2365 1485 2404 quibus
1498 2363 1614 2394 salutem
1625 2363 1744 2394 habeas.
1770 2374 1828 2394 non
1847 2362 1929 2404 quod
1950 2363 1980 2392 in
1999 2372 2074 2393 voce
2092 2361 2187 2394 homi-

452 2407 498 2438 nis
509 2429 517 2441 ,
526 2406 598 2438 salus
609 2405 713 2438 inclusa
722 2405 756 2437 fit
767 2405 830 2437 :sed
841 2407 907 2447 quia
917 2410 998 2437 Deus
1006 2406 1172 2438 illicFilium
1184 2408 1274 2439 nobis
1285 2407 1409 2438 offerens
1418 2409 1446 2438 in
1457 2409 1547 2438 vitam
1558 2417 1691 2438 aeternam
1702 2429 1710 2442 ‚
1727 2407 1807 2438 simul
1821 2406 1909 2438 efficit
1919 2427 1929 2442 ,
1938 2416 1969 2436 vt
1987 2416 2038 2447 per
2056 2405 2145 2437 fldem
2162 2408 2186 2438 i-

456 2448 508 2492 pso
517 2450 654 2483 fruamur.
685 2450 899 2482 Mirabilissane
910 2451 966 2481 Dei
980 2451 1161 2490 bonitas,qui
1173 2451 1308 2482 homines
1318 2451 1390 2482 nihil
1401 2451 1487 2491 qnam
1499 2452 1599 2482 mortis
1617 2453 1764 2482 materiam
1782 2452 2009 2485 habentes,nec
2026 2450 2136 2482 ranitlm
2157 2452 2187 2482 in

456 2495 485 2526 se
497 2497 583 2527 morti
595 2496 744 2526 obnoxios
752 2494 797 2527 sed
807 2495 870 2526 aliis
879 2493 1048 2525 mortiferos
1061 2515 1068 2528 ‚
1077 2494 1142 2525 vitae
1152 2503 1248 2525 tamen
1261 2495 1406 2525 ministros
1415 2493 1491 2526 facit.
1523 2495 1644 2526 Interim
1656 2518 1665 2530 ,
1677 2494 1758 2526 foeda
1771 2496 1872 2528 mundi
1890 2495 2067 2536 ingratius-,lo
2086 2496 2137 2526 hac
2157 2497 2187 2527 in

457 2550 540 2581 parte
550 2539 576 2570 se
585 2539 685 2580 prodit
694 2560 702 2574 ,
713 2540 869 2581 quiveram
878 2538 1046 2580 certimque
1055 2537 1107 2568 fibi
1115 2537 1292 2580 propositam
1302 2538 1418 2570 salutem
1428 2537 1575 2570 fastidiens
1584 2560 1592 2573 ‚
1605 2543 1635 2571 &
1646 2539 1722 2580 quasi
1733 2541 1766 2571 ad
1776 2541 1865 2581 pedes
1874 2539 2018 2570 abiceram
2028 2539 2187 2580 relinquis,

459 2585 550 2615 varias
559 2583 716 2616 &lusorias
731 2582 836 2616 salutes
848 2582 900 2614 sibi
910 2583 1102 2624 imaginatur,
1112 2583 1221 2625 quibus
1231 2582 1391 2624 quaerendis
1402 2581 1551 2616 famelicus
1563 2584 1674 2616 inhiare
1692 2585 1801 2615 mauult
1811 2604 1821 2617 ,
1836 2583 1922 2625 qu‘am
1939 2582 2031 2613 satiari
2046 2585 2135 2614 obuia
2154 2587 2187 2615 &

459 2628 595 2670 praesente
609 2630 665 2660 Dei
674 2630 778 2670 gratia.
1958 2660 1961 2664 ‚

492 2685 520 2707 19
552 2675 692 2704 Recoito
700 2684 777 2704 A-rvs
786 2671 844 2702 sum
855 2671 937 2703 verbi
947 2670 1098 2708 Domini.)
1121 2674 1181 2703 Iam
1191 2671 1288 2713 primo
1297 2671 1393 2712 capite
1404 2670 1467 2703 satis
1477 2670 1537 2704 fuse
1547 2672 1702 2704 docuimus
1711 2694 1719 2707 ‚
1729 2681 1819 2712 quum
1829 2671 1998 2702 sententiam
2010 2669 2087 2700 illam
2099 2669 2186 2700 Chri-

459 2716 517 2748 stus
527 2716 672 2758 proferret
683 2740 691 2753 ,
701 2728 760 2749 non
772 2715 870 2747 fecisse
879 2716 1130 2758 comparationem
1142 2715 1264 2757 duplicis
1274 2715 1410 2755 Baptismi
1422 2739 1430 2751 ,
1439 2716 1485 2747 sed
1495 2718 1564 2758 quid
1574 2717 1588 2748 a
1598 2720 1708 2747 Ioanne
1718 2714 1846 2747 differret
1855 2736 1864 2750 ‚
1877 2712 1997 2746 voluisse
2017 2715 2120 2745 testari.
2143 2715 2188 2743 Si-

462 2762 522 2794 cuti
532 2762 610 2793 enim
623 2761 734 2803 signum
746 2762 762 2792 a
771 2759 949 2792 veritatesua
958 2761 1160 2801 distinguimus
1170 2780 1179 2794 ,
1190 2761 1227 2792 ita
1238 2760 1395 2791 ministrum
1405 2760 1442 2791 ab
1454 2764 1576 2793 authore
1587 2761 1707 2792 discerni
1719 2772 1812 2800 oper-ae
1825 2760 1952 2802 pretium
1971 2759 2028 2790 est:
2041 2770 2075 2789 ne
2088 2781 2096 2794 ‚
2105 2758 2186 2800 quod

460 2808 612 2848 proprium
624 2806 662 2837 est
674 2808 750 2841 Dei,
760 2806 891 2837 mortalis
901 2805 993 2836 homo
1005 2805 1040 2835 ad
1049 2805 1075 2836 se
1083 2805 1187 2836 trahat.
1221 2805 1342 2848 Signum
1353 2806 1440 2837 habet
1453 2806 1547 2836 homo·
1556 2807 1584 2837 in
1597 2817 1684 2837 manu
1695 2826 1704 2840 ,
1715 2805 1790 2836 solus
1802 2806 1840 2837 est
1850 2803 1980 2836 Christus
1989 2804 2038 2844 qui
2049 2803 2140 2834 abluit
2153 2805 2185 2834 δε

462 2860 624 2891 regenerat.
645 2850 769 2882 multum
778 2850 990 2883 eniminterest
1001 2849 1136 2890 quorsum
1147 2849 1305 2891 dirigantur
1314 2848 1468 2880 hominum
1489 2861 1602 2882 mentes
1619 2853 1647 2880 in
1664 2851 1825 2891 quaerendis
1841 2850 1899 2880 Dei
1917 2849 2016 2890 gratiis
2037 2847 2086 2888 qui
2104 2856 2184 2878 extra

465 2895 615 2925 Christum
624 2905 660 2925 ne
671 2905 752 2936 gutta
760 2894 881 2937 quidem
892 2894 949 2925 illis
959 2893 1085 2925 stillabit.
1119 2895 1177 2947 lroc
1185 2904 1256 2936 ergo
1266 2894 1341 2924 inter
1350 2894 1496 2925 Christum
1515 2898 1545 2927 δι
1566 2905 1670 2925 omnes
1685 2894 1817 2925 Ecclesiae
1830 2893 1975 2924 ministros
1991 2891 2127 2933 generale
2145 2891 2188 2922 est

467 2936 620 2970 discrimen
631 2961 640 2975 ,
651 2939 732 2980 quod
742 2939 770 2970 hi
783 2938 902 2980 quidem
915 2948 1066 2969 externum
1077 2949 1156 2980 aquae
1166 2937 1275 2980 signum
1285 2937 1440 2969 conferunt
1451 2951 1457 2968 :
1468 2939 1515 2970 ille
1525 2950 1620 2971 autem
1639 2939 1763 2979 Spiritus
1772 2939 1810 2969 sui
1827 2939 1935 2969 virtute
1946 2935 2034 2977 ,signi
2051 2933 2187 2967 effectum

469 2981 573 3022 implet
582 2994 614 3013 ac
622 2983 739 3025 praestat.
774 2986 822 3014 De
831 2983 885 3013 hac
894 2994 925 3014 re
933 2982 1026 3014 rursus
1036 2983 1175 3014 monendi
1186 2983 1244 3013 hoc
1253 2981 1321 3012 loco
1331 2979 1446 3013 fuerunt
1455 2983 1588 3014 lectores:
1607 2984 1672 3025 quia
1682 2984 1800 3014 loannis
1808 2981 1981 3023 Baptismum
1989 2979 2005 3009 ἆ
2015 2977 2189 3010 nosti'ofuis-

471 3022 500 3055 se
509 3026 650 3057 diuersum
661 3046 671 3061 ,
681 3038 831 3068 perperam
839 3027 909 3059 hinc
918 3027 1003 3058 multi
1014 3025 1142 3059 inferunt
1152 3040 1158 3058 z
1170 3027 1238 3058 dum
1248 3025 1376 3057 Christus
1385 3027 1522 3067 Spiritum
1534 3028 1585 3059 sibi
1598 3027 1757 3059 vendicans
1767 3050 1776 3064 2
1786 3027 1890 3059 Ioanni
1906 3034 2005 3067 praeter
2020 3035 2124 3064 aquam
2143 3025 2188 3054 rii-

470 3067 513 3099 hil
523 3070 667 3111 reliquum
674 3069 753 3102 facit.
775 3071 920 3103 Caeteriim
930 3093 940 3107 ‚
949 3070 967 3101 fi
978 3082 1043 3113 quis
1053 3072 1140 3102 etiam
1151 3073 1210 3102 hoc
1221 3070 1387 3102 testimonio
1397 3070 1486 3102 fretus
1497 3095 1505 3107 ‚
1514 3071 1787 3114 Baptismumrfaciat
1795 3070 1932 3113 frigidum
1941 3067 2134 3108 speetaculum
2154 3070 2188 3100 δε

469 3123 594 3145 vacuum
605 3114 687 3146 omni
697 3115 819 3155 Spiritus
829 3117 919 3158 gratia
928 3137 937 3151 ,
947 3116 970 3146 is
980 3117 1066 3146 etiarn
1077 3115 1167 3157 longe
1177 3114 1299 3146 falletur.
1330 3115 1494 3154 Dupliciter
1510 3119 1588 3148 enim
1599 3138 1610 3154 ,
1618 3127 1649 3148 vt
1663 3113 1735 3151 alibi
1753 3116 1863 3147 dinam
1873 3113 1913 3145 est
1923 3134 1931 3147 ‚
1942 3113 1979 3144 de
1995 3113 2189 3144 Sici-amentis

469 3156 552 3199 loqui
562 3159 706 3197 Scriptura
717 3158 796 3189 solet.
820 3160 885 3200 quia
895 3161 974 3191 enim
987 3160 1117 3190 Christus
1127 3161 1155 3189 in
1167 3159 1220 3191 suis
1228 3159 1367 3201 promiffis
1377 3158 1459 3190 fallax
1467 3172 1526 3191 non
1537 3161 1577 3193 est
1587 3181 1596 3194 ‚
1607 3171 1667 3192 non
1676 3156 1877 3202 pat’iturinane
1888 3155 1942 3187 esse
1953 3157 2033 3199 quod
2052 3157 2188 3190 instituit,

468 3200 518 3233 sed
527 3213 616 3244 quum
627 3202 772 3243 Scriptura
783 3204 928 3244 Baptismo
937 3205 997 3236 vim
1006 3205 1110 3235 tribuit
1119 3204 1234 3236 lauandi
1243 3206 1273 3236 δι
1282 3204 1486 3246 regenerandi,
1497 3205 1632 3236 adscribit
1643 3205 1700 3237 hoc
1711 3214 1805 3237 totum
1816 3202 1933 3233 Christo
1942 3224 1950 3237 ‚
1961 3201 2115 3232 actantiim
2133 3202 2188 3232 do-

470 3257 517 3278 cet
527 3239 598 3288 qui'd
608 3247 658 3278 ille
667 3247 774 3287 Spiritu
784 3245 833 3276 suo
843 3259 892 3287 per
902 3259 1018 3279 manum
1030 3248 1160 3280 hominis
1169 3251 1200 3279 &
1211 3248 1322 3280 visibile
1331 3247 1492 3288 symbolum
1503 3250 1614 3280 efficiat.
1637 3250 1695 3279 Vbi
1706 3250 1743 3280 ita
1753 3247 1939 3288 coniungirur
1961 3245 2094 3277 Christus
2118 3254 2186 3276 cum

471 3291 659 3326 ministro‚&
669 3290 790 3332 Spiritus
801 3291 926 3322 efficacia
935 3303 1001 3323 curri
1010 3291 1091 3333 signo
1101 3315 1110 3328 ,
1121 3293 1310 3324 Sacramentis
1318 3292 1454 3323 tribuitur
1463 3303 1603 3333 quantum
1613 3303 1687 3333 opus
1705 3292 1753 3322 est.
1785 3293 1930 3322 Caeterum
1938 3310 1949 3324 ‚
1962 3301 1994 3320 ea
2016 3288 2188 3321 coniunctio

472 3332 768 3371 nonfictonfusaeffe
777 3334 884 3369 debet,
894 3337 962 3376 quin
974 3337 1127 3366 hominum
1138 3347 1249 3368 mentes
1258 3336 1273 3367 ὲ
1285 3336 1454 3368 mortalibus
1463 3356 1472 3369 ‚
1481 3333 1596 3368 caducis
1608 3336 1686 3369 &sui
1698 3335 1838 3367 similibus
1850 3332 2010 3375 mundique
2031 3334 2187 3364 elementis

473 3376 615 3411 abstraCtae
624 3380 661 3409 ab
669 3379 727 3411 'vno
737 3378 854 3410 Christo
875 3377 992 3411 salutem
1002 3390 1103 3420 petere
1112 3399 1121 3413 ‚
1132 3382 1201 3412 &in
1210 3392 1295 3412 vnam
1307 3380 1428 3421 Spiritus
1444 3381 1507 3411 eius
1522 3383 1657 3413 virtutem
1674 3380 1814 3422 respicere
1833 3379 1940 3409 discant
1951 3391 1957 3408 τ
1968 3379 2035 3418 quia
2051 3377 2189 3408 aberrata

475 3419 639 3463 fideiscopo
646 3421 773 3465 quisquis
789 3423 833 3454 vel
846 3423 999 3454 minimum
1009 3423 1025 3453 a
1035 3424 1142 3464 Spiritu
1150 3425 1185 3454 ad
1196 3424 1413 3471 signa.defle6tit
1424 3427 1455 3456 δι
1466 3423 1616 3468 sacrilegus
1625 3425 1682 3461 est,
1691 3425 1739 3465 qui
1750 3423 1894 3455 tantillum
1907 3422 2017 3453 delibat
2032 3432 2066 3452 ex
2083 3420 2190 3451 Christi

446 3506 447 3511 ¹
474 3463 576 3499 hilde,
586 3464 844 3499 offiandihominis
854 3466 942 3498 causa.
964 3467 1403 3510 Caetertimmemoriaetquoque
1418 3470 1608 3509 repetendum
1627 3471 1678 3505 est,
1688 3469 1833 3499 Christum
1852 3468 1902 3498 sub
1921 3467 2039 3498 nomine
2056 3465 2190 3506 Spiritus,

471 3517 531 3539 non
542 3509 633 3543 modo
641 3510 805 3554 linguarum
815 3511 925 3543 donum
936 3514 967 3544 &
978 3511 1078 3544 similia
1088 3511 1303 3558 designasse,sed
1312 3522 1404 3545 totam
1413 3515 1616 3546 renouationis
1625 3514 1723 3546 nostrae
1733 3511 1974 3555 gratiamVertlm
1985 3510 2122 3552 quoniam
2134 3509 2187 3558 do·

1346 3565 1348 3567 ·
2093 3563 2129 3584 na
2138 3553 2188 3584 ista
