2310 3841
610 156 1001 199 SECVNDVM
1051 159 1486 204 IOHANNEM.
1866 190 1896 226 33

206 223 453 262 vehementiam.
481 221 568 269 Qiia
578 225 666 259 enim
684 237 750 259 non
759 225 849 260 facile
862 224 917 258 libi
929 226 1039 260 homi-

207 286 263 308 nes
274 272 483 320 persuadent&
493 274 569 306 Deo
579 271 609 307 se
617 275 708 319 diligi
721 287 728 306 :
739 285 771 308 vr
794 286 927 307 omnem
943 275 1036 308 dubi-

205 323 361 357 tationem
378 323 529 357 eximeret
545 343 556 359 ‚
579 321 772 356 nominatim
792 320 937 366 expreffit
946 344 955 360 ‚
968 334 1037 356 tan-

205 381 319 416 topere
335 383 394 404 nos
410 371 486 404 Deo
505 366 590 403 fuifl'e
602 369 734 409 charos,
761 381 794 404 vt
811 381 852 403 ne
868 370 1038 417 vnigenito

205 420 333 464 quidem
346 419 425 452 Filio
436 419 609 463 pepercerit
620 418 725 452 nostra
735 413 946 467 causa.Qm
958 431 1035 466 ergo

203 464 276 499 satis
293 465 444 512 supe'rque
471 465 611 511 testatam
632 465 728 499 nobis
745 464 830 500 suam
851 465 1036 502 charitatem

202 511 313 550 fecerit
324 516 413 547 Deus
426 536 436 552 ,
448 513 586 561 quisquis
597 514 658 548 hoc
673 513 858 548 testimonio
874 527 941 548 non
952 527 1030 548 con.

202 573 307 596 tentus
324 561 422 596 adhuc
434 563 577 600 vacillat,
593 574 659 596 non
676 563 780 596 leuem
798 561 931 596 Christo
950 563 1035 597 iniu-

201 611 281 644 riam
292 608 365 644 ficit
374 632 385 648 ,
402 610 486 657 quasi
498 623 577 644 vnus
586 610 699 657 aliquis
710 623 746 644 ex
763 610 861 657 vulgo
873 613 993 645 temere
1003 611 1035 646 in

200 669 340 692 mortem
349 659 509 705 proieetus
519 658 547 692 fu
553 657 715 700 erit.Quin
725 658 830 704 potius
840 658 882 692 ita
891 670 1035 705 reputan-

200 705 278 740 dum
291 706 352 745 est,
372 707 480 754 quanti
494 706 694 754 vnigenitum
706 705 793 740 snum
805 707 920 741 Filium
942 710 1034 742 Deus

198 752 407 793 aestirmt‚tam
418 753 582 800 pretiofiin
592 753 637 786 illi
650 751 736 789 fuisse
743 753 881 789 nostram
892 754 1032 791 salutem:

199 802 288 836 cuius
306 803 443 848 pretium
462 801 619 849 vnigeniti
632 801 725 847 ipsius
743 814 882 838 mortem
901 801 960 838 effe
971 817 1032 840 vo-

197 849 271 884 luit.
283 850 443 885 Caeterum
455 849 517 884 hoc
527 861 646 883 nomen
659 851 726 884 iure
736 850 882 886 Christus
890 851 1030 889 obtinet,

198 898 272 945 quia
281 900 391 934 vnicus
401 898 444 932 cst
454 896 562 932 naturai
571 897 848 932 Filius-nobiscum
859 898 936 933 vero
948 897 1031 932 hune

197 946 358 980 honorem
379 945 552 991 adoptione
568 955 642 979 tunc
663 944 794 979 demum
814 946 1031 981 communicat

195 1005 294 1042 quum
304 993 469 1027 inserimur
479 992 511 1025 in
522 993 587 1027 eius
598 1005 652 1026 eor
657 1005 724 1038 pus.
740 995 810 1041 Q
820 993 915 1026 credit
924 1006 955 1027 m
964 1007 1031 1028 eum

193 1039 498 1091 nonpereat.lnsigne
508 1039 583 1075 fidei
594 1041 736 1088 elogium
748 1063 757 1079 ‚
768 1042 856 1088 quod
868 1054 927 1075 nos
939 1042 977 1075 ab
986 1054 1025 1076 ae.

199 1101 294 1124 terno
305 1090 433 1123 interitu
446 1089 595 1123 vindicat.
620 1088 746 1124 Diserte
757 1090 843 1123 enim
854 1090 1030 1136 exprimere

194 1137 443 1185 voluit‚quanuis
453 1139 489 1171 ad
502 1149 640 1171 mortem
653 1138 815 1172 videamur
829 1140 1027 1176 nati‚certam

194 1196 301 1220 tamen
315 1184 422 1220 offerri
443 1184 666 1219 liberationem
685 1186 717 1219 in
728 1185 849 1220 Christi
860 1185 925 1220 fide
949 1201 959 1220 :
985 1188 1028 1221 ita

193 1245 333 1268 mortem
349 1245 414 1280 quae
424 1234 543 1280 alioqui
557 1234 652 1267 nobis
661 1234 809 1268 imminet
819 1257 829 1273 ,
842 1234 977 1269 minime
987 1235 1029 1268 ti-

192 1282 342 1317 mendam
360 1281 428 1316 effe.
461 1282 500 1315 Et
511 1280 720 1317 vniuersalem
742 1294 853 1317 notam
873 1281 1027 1328 apposuit,

193 1339 262 1364 tum
280 1342 313 1364 vt
330 1327 509 1376 promiscue
527 1343 639 1365 omnes
657 1330 694 1365 ad
716 1332 788 1365 vitae
813 1331 1028 1377 participatio-

193 1389 268 1411 nem
294 1378 409 1415 inuitet
433 1400 443 1416 ,
481 1388 547 1412 tum
571 1389 604 1414 vt
628 1377 771 1424 praecidar
795 1378 1026 1414 excusationem

190 1424 372 1461 incredulis.
392 1427 517 1460 Eodem
531 1427 624 1462 etiam
635 1426 770 1472 pertinet
780 1439 901 1462 nomen
911 1427 1028 1462 Mundi

191 1486 258 1520 quo
269 1475 353 1519 prius
363 1474 431 1508 vsus
442 1473 496 1508 est.
514 1473 656 1508 'l'ametli
670 1475 797 1509 enimin
810 1475 932 1510 mundo
943 1475 1024 1510 nihil

189 1522 364 1567 reperietur
378 1521 441 1556 Dei
453 1519 562 1556 fauore
573 1521 751 1569 dignumst
761 1534 866 1556 tamen
877 1524 937 1558 toti
953 1527 1025 1557 mu-

189 1569 232 1602 do
244 1569 418 1614 propitium
431 1568 568 1603 ostendit
582 1592 591 1608 ‚
612 1582 709 1616 quum
720 1567 784 1603 fine
793 1571 1024 1616 exceptioneo-

190 1628 282 1651 mnes
291 1618 328 1652 ad
338 1616 437 1651 fidem
446 1616 567 1652 Christi
579 1628 670 1652 vocat
682 1640 690 1653 ‚
707 1629 774 1664 quae
783 1617 864 1652 nihil
878 1619 962 1653 aliud
979 1618 1024 1653 est

187 1664 283 1711 quem
294 1664 325 1698 in
330 1661 444 1712 greffus
453 1665 486 1698 in
498 1665 770 1700 vitam-Caeterum
781 1666 1023 1701 meminerimus

189 1714 233 1748 ita
243 1713 459 1747 communiter
468 1715 614 1758 promitti
625 1713 779 1748 omnibus
788 1714 885 1749 vitam
896 1715 929 1749 in
940 1715 1022 1750 Chri

186 1761 235 1796 sto
245 1761 299 1807 qui
309 1762 502 1795 crediderint
511 1783 522 1800 ‚
532 1772 566 1797 vt
577 1773 683 1796 tamen
694 1762 829 1797 minime
839 1764 1023 1798 communis

186 1810 334 1843 omnium
349 1808 384 1843 {it
397 1808 485 1844 fides.
503 1812 590 1844 Patet
601 1811 687 1844 enim
699 1810 852 1844 ommbus
862 1810 1020 1851 Christus,

186 1868 222 1891 ac
235 1855 390 1903 expositus
399 1856 443 1892 est
452 1880 462 1895 ,
478 1857 552 1891 solis
561 1870 667 1892 tamen
686 1858 797 1892 eit-&is
807 1861 919 1893 oculos
928 1862 1020 1894 Deus

183 1906 333 1950 aperit‚vt
343 1904 407 1939 fide
417 1905 514 1950 ipsum
527 1917 673 1951 quaerant.
701 1907 803 1941 Porro
813 1907 887 1941 hine
898 1907 1020 1942 constat

184 1953 382 1987 admirabilis
392 1952 468 1986 fidei
480 1950 698 1998 effe&us,quia
707 1965 762 1998 per
772 1966 841 1988 eam
852 1954 1018 1990 Christum

168 1996 358 2046 ‘recipimus
375 2000 478 2047 qualis
487 1999 584 2033 nobis
595 2000 682 2034 datus
695 1999 740 2033 est
750 2000 882 2035 {Patre2
903 2013 1019 2049 nempe

185 2049 242 2095 qui
255 2058 444 2082 nnsaeternae
456 2047 570 2082 mortis
581 2049 666 2082 reatu
685 2046 805 2081 solutos
816 2048 887 2082 vitae
897 2061 1019 2084 aeternae

182 2095 323 2130 haeredes
332 2092 464 2130 efficiat:
476 2095 549 2142 quia
559 2095 673 2130 mortis
682 2094 738 2130 suae
749 2094 901 2131 sacrificio
911 2108 1020 2142 pecca-

183 2155 215 2178 ta
225 2142 332 2178 nostra
343 2143 480 2189 expiauit
490 2170 498 2183 .
510 2155 550 2177 ne
560 2144 636 2190 quid
647 2142 753 2178 obstet
771 2143 945 2190 quominus
957 2143 1021 2179 nos*

181 2203 243 2238 pro
253 2191 328 2226 filiis
337 2191 398 2226 suis
406 2189 555 2240 agnoscat
564 2193 807 2235 Deus.Qando
815 2191 913 2239 igitur
923 2193 1018 2228 Chri-

181 2239 264 2275 stum
276 2252 348 2275 cum
366 2241 479 2274 mortis
500 2238 557 2273 suae
574 2239 713 2275 efficacia
730 2243 762 2274 δι
778 2240 1019 2275 resurrestionis

180 2286 283 2322 sru&u
296 2288 498 2333 ampleffitur
508 2286 589 2323 fides
611 2310 622 2327 ‚
642 2299 714 2321 non
734 2290 850 2322 mirum
869 2288 913 2322 est
931 2288 952 2322 fi
961 2301 1017 2335 pet

184 2348 254 2370 earn
265 2334 387 2370 Christi
396 2347 526 2383 quoque
536 2335 601 2370 vita
617 2334 770 2381 potimur.
798 2337 957 2372 Nondum
969 2348 1016 2371 ta—

178 2396 257 2419 men
285 2381 357 2417 satis
373 2383 474 2430 liquet
490 2396 545 2417 cur
560 2387 591 2419 δι
610 2383 779 2430 quomodo
799 2385 895 2418 vitam
920 2384 1016 2419 nobis

181 2430 324 2466 conferat
334 2430 431 2471 fides,
443 2444 482 2465 an
494 2431 566 2477 quia
575 2432 692 2476 Spiritu
703 2442 765 2465 nos
785 2429 840 2464 suo
849 2442 1015 2478 regenerat

180 2479 328 2514 Christus
336 2502 346 2518 ‚
364 2490 398 2513 vt
407 2480 492 2514 viuat
501 2480 535 2512 in
546 2478 642 2513 nobis
651 2491 686 2513 ac
696 2478 802 2525 vigeat
811 2479 877 2513 Dei
888 2478 1015 2513 iustitia:

178 2540 218 2572 an
228 2527 306 2562 vero
316 2529 387 2574 quia
396 2525 546 2575 sanguine
556 2526 623 2561 eius
632 2526 755 2573 purgati
765 2528 781 2561 ὲ
792 2527 1013 2576 peccatis,gra-

178 2576 256 2610 tuita
267 2577 358 2610 venia
367 2574 439 2610 iusti
448 2576 528 2623 apud
537 2576 648 2609 Deum
665 2573 839 2610 censemur.
877 2577 1012 2610 Certum

177 2624 275 2672 quide
283 2622 400 2660 esthaec
410 2624 473 2659 duo
483 2622 605 2668 semper
615 2622 787 2657 coniunEia
797 2620 866 2657 effe:
875 2622 926 2658 sed
937 2625 1013 2671 quia

175 2670 228 2706 hic
238 2672 276 2706 de
285 2671 389 2707 salutis
401 2671 593 2707 certitudine
600 2671 855 2719 agitur‚tenenda
865 2673 1013 2719 precipue

176 2720 221 2755 est
231 2719 296 2754 haec
307 2720 390 2754 ratio
398 2741 409 2758 ‚
419 2732 480 2754 nos
490 2720 566 2754 ideo
583 2720 691 2753 viuere
701 2718 775 2765 quia
784 2720 876 2753 Deus
887 2730 1012 2765 peccata

175 2780 243 2802 non
254 2766 553 2814 imputando‚gratis
566 2764 625 2799 nos
635 2766 808 2800 amat-Ideo
819 2768 1012 2803 nominatim

174 2815 318 2859 sacrificij
329 2813 366 2849 fit
378 2816 583 2862 mentio‚qu0
593 2813 682 2848 fimul
695 2817 733 2848 εὖ
744 2815 883 2859 peccatis
895 2816 1013 2851 maledi

174 2865 243 2899 ἂίο
254 2868 285 2899 &
297 2875 384 2897 mors
392 2862 512 2896 abolita
521 2862 643 2897 estJam
655 2862 741 2906 prius
752 2862 905 2897 admonui
916 2876 1012 2910 quor-

175 2913 244 2948 sum
263 2911 404 2958 speestnt
420 2910 485 2944 haec
508 2911 573 2944 duo
592 2908 753 2944 membra:
765 2922 881 2956 nempe
892 2923 925 2945 vt
935 2911 1011 2947 scia-

177 2974 248 2996 mus
255 2961 354 2997 vitam
365 2971 425 2993 nos
433 2970 619 3004 recuperare
628 2957 660 2991 in
672 2957 816 2994 Christo,
832 2958 892 3006 qua
905 2959 1011 2995 sumus

175 3009 209 3043 in
221 3009 317 3042 nobis
327 3007 453 3054 priuati.
481 3008 568 3042 Nam
580 3006 611 3038 in
624 3005 680 3039 hac
691 3004 800 3040 misera
811 3006 941 3041 humani
954 3021 1011 3056 ge-

175 3056 259 3092 neris
285 3055 476 3091 conditione
508 3054 596 3101 prior
614 3053 730 3088 ordine
758 3053 802 3088 est
828 3055 1010 3103 redemptio

176 3103 272 3151 quim
281 3102 373 3138 salus.
717 3148 720 3151 Α

225 3161 260 3196 17
289 3152 329 3189 N
331 3165 366 3185 on
376 3154 453 3185 enim
463 3149 566 3196 mifit.)
578 3147 797 3184 Confirmatio
806 3149 851 3185 est
860 3153 1011 3197 proximae

175 3195 352 3233 sententian
369 3203 442 3245 quia
460 3211 526 3233 non
541 3197 650 3232 frustra
660 3201 748 3231 Deus
757 3197 819 3232 huc
829 3199 866 3233 ad
886 3213 946 3235 nos
958 3203 1011 3235 121-

176 3244 257 3279 lium
265 3243 350 3280 suum
361 3245 456 3281 milit.
492 3246 592 3294 Atqui
609 3257 675 3279 non
687 3246 776 3281 venit
785 3257 819 3284 vt
827 3249 952 3293 perdat,
963 3248 1011 3284 se-

1088 229 1194 274 quitur
1203 240 1283 275 ergo
1291 232 1457 276 proprium
1475 232 1534 266 effe
1547 233 1609 267 Dei
1629 231 1774 270 officium
1790 248 1822 270 vr
1842 239 1920 275 salu-

1087 286 1152 309 tem
1169 288 1222 322 per
1232 290 1306 311 eum
1327 278 1557 326 cousequantur
1580 284 1761 330 quicunque
1778 287 1921 321 credide-

1085 323 1161 359 rint.
1175 333 1239 359 lam
1256 337 1321 359 non
1332 326 1375 359 est
1386 331 1470 373 quod
1481 329 1604 364 dubitet
1615 331 1790 378 quisquan»,
1806 335 1852 366 vel
1864 347 1920 367 an-

1086 372 1136 406 xie
1154 373 1278 406 laboret
1297 376 1469 421 quomodo
1493 390 1628 412 mortem
1650 379 1746 425 poffit
1765 378 1919 428 effugere,

1087 420 1214 466 quando
1234 433 1380 458 tenemus
1401 423 1465 458 hoc
1483 425 1542 460 effe
1555 427 1618 459 Dei
1630 428 1795 463 confilium
1811 440 1840 462 vt
1860 442 1921 464 nos

1085 468 1125 502 ab
1135 481 1168 502 ea
1181 468 1326 503 Christus
1337 472 1459 516 eripiat.
1484 471 1651 517 Repetitur
1661 476 1781 511 nerum
1793 479 1920 514 Mundi

1085 520 1183 550 nome
1193 540 1202 555 ‚
1214 530 1252 552 nc
1264 518 1333 565 quis
1342 519 1479 553 omnino
1491 524 1587 554 arceri
1599 521 1628 555 sc
1638 523 1761 568 putet,fi
1773 528 1871 561 modo
1882 526 1922 560 fi·

1084 564 1134 597 dci
1146 566 1229 599 viam
1241 567 1488 601 tenet.1nd1case
1499 570 1549 602 hic
1563 582 1620 614 pro
1631 577 1826 610 damnarem
1841 575 1919 607 mul-

1084 610 1124 646 tis
1140 613 1210 647 aliis
1222 614 1253 647 in
1265 615 1524 662 locis‚accipitur.
1536 618 1635 665 Qod
1648 630 1751 653 autern
1763 618 1792 653 se
1801 619 1918 656 vemfl'e

1082 672 1176 709 negat
1186 661 1224 696 ad
1236 663 1449 699 damnandum
1463 666 1615 700 mundum
1627 689 1637 705 ‚
1659 667 1690 700 in
1702 679 1740 700 en
1752 670 1916 714 proprium

1072 705 1234 744 'aduentus
1251 707 1293 745 sui
1304 711 1402 745 finem
1423 723 1523 747 notat.
1561 715 1652 761 Qd
1662 715 1748 748 enim
1766 729 1845 762 opus
1859 715 1919 751 fuit

1081 757 1244 792 Christum
1254 759 1291 793 ad
1301 760 1550 806 nosperdendos
1560 774 1668 797 venire
1678 785 1687 801 ,
1707 775 1760 811 qui
1775 776 1820 798 ter
1841 778 1917 810 qua-

1081 803 1192 852 te'rque
1200 808 1392 852 perieramus
1404 810 1417 841 ?
1454 809 1548 844 Nihil
1559 823 1638 857 ergo
1648 812 1732 846 aliud
1741 813 1773 845 in
1783 813 1916 847 Christo

1079 852 1340 888 considerandum
1360 856 1453 902 quiam
1466 858 1556 904 quod
1578 860 1664 893 Deus
1683 872 1742 906 pro
1765 860 1918 895 immensa

1079 896 1129 932 sua
1141 899 1285 935 bonitate
1302 903 1453 949 opitulari
1465 906 1562 939 nobis
1579 908 1703 946 voluit,
1723 919 1753 942 vt
1771 911 1915 954 perditos

1078 942 1223 982 seruaret.
1243 951 1414 995 &quoties
1434 964 1493 986 nos
1511 965 1636 998 peccata
1659 968 1695 989 ns
1705 955 1762 989 stra
1787 968 1911 1005 ingerit,

1078 997 1206 1041 quoties
1217 999 1307 1031 Satan
1326 999 1364 1032 ad
1381 997 1804 1044 desperationemsolicitat,
1824 1006 1913 1039 obii,

1079 1044 1210 1079 crendus
1221 1044 1264 1078 est
1275 1044 1326 1079 hic
1339 1047 1482 1092 clypeus,
1495 1051 1600 1083 Deum
1615 1063 1674 1084 nos
1684 1064 1802 1087 aeteruo
1813 1055 1912 1088 exitio

1079 1094 1166 1126 nolle
1175 1093 1313 1139 opprimi
1325 1116 1334 1131 ‚
1352 1095 1425 1141 quia
1435 1096 1550 1131 Filium
1562 1097 1648 1132 stium
1667 1097 1792 1134 salutem
1805 1101 1917 1137 mundi

1078 1141 1250 1175 ordinauit.
1269 1143 1369 1187 Qod
1379 1154 1483 1178 autem
1493 1144 1567 1178 alibi
1579 1147 1672 1180 docet
1683 1147 1829 1182 Christus
1840 1149 1868 1182 se
1879 1152 1913 1183 in

1078 1187 1232 1223 iudicium
1244 1189 1359 1224 venrffe
1376 1214 1385 1230 ‚
1406 1193 1493 1238 quod
1509 1205 1638 1228 vocatur
1658 1199 1746 1230 Petra
1767 1196 1915 1236 scandali,

1078 1238 1166 1283 quod
1177 1238 1291 1271 dicitur
1301 1239 1419 1284 politus
1430 1240 1461 1273 in
1477 1243 1651 1276 multorum
1664 1244 1785 1279 ruinam
1798 1245 1850 1278 :id
1861 1259 1913 1279 ac-

1078 1285 1235 1319 cidentale
1246 1286 1351 1324 ess,vel
1365 1294 1410 1329 (vt
1427 1287 1469 1322 ita
1480 1290 1828 1336 loquar)aduent1tium.
1843 1293 1911 1339 Q

1078 1335 1164 1366 enim
1177 1336 1316 1368 oblatam
1328 1336 1360 1369 in
1373 1340 1556 1384 engratiam
1570 1339 1728 1383 respuunt,
1740 1341 1828 1389 digni
1842 1341 1911 1376 sunt

1078 1383 1132 1427 qui
1143 1382 1279 1417 iudicem
1291 1385 1487 1429 experiantur
1497 1399 1530 1420 ac
1547 1397 1609 1420 tam
1623 1389 1748 1435 indigni
1765 1390 1910 1438 lot-dique

1077 1441 1278 1478 contemptus
1288 1433 1437 1465 vltorem.
1456 1434 1542 1468 cuius
1562 1435 1606 1468 rei
1626 1436 1658 1470 in
1672 1438 1912 1484 lcuangeliolu-

1076 1478 1238 1513 culentum
1250 1478 1407 1525 specimen
1423 1492 1569 1526 apparet:
1587 1496 1659 1516 nam
1673 1497 1769 1531 quun.
1782 1487 1911 1531 proprie

1075 1523 1382 1572 fitDeipotentiain
1393 1527 1523 1563 salutem
1543 1532 1634 1565 omni
1655 1536 1816 1571 credenti,
1836 1533 1910 1570 facit

1074 1574 1249 1608 multorum
1267 1576 1465 1622 ingratitudo
1485 1587 1517 1611 vt
1537 1578 1598 1612 illis
1616 1582 1648 1614 in
1661 1585 1908 1617 mortem-:edat¹

1074 1623 1245 1668 Vtrimque
1264 1624 1661 1669 oprimecxpreffitpiulus
1688 1651 1698 1667 ,
1726 1630 1906 1676 quurnsein

1071 1679 1221 1715 promptu
1243 1669 1359 1705 habere
1374 1672 1548 1707 vindic-‘tam
1568 1677 1723 1721 gloriatur
1748 1691 1779 1710 m
1800 1692 1859 1724 qua
1869 1693 1903 1713 o-
1917 1679 2055 1732 {fv-toh-

1073 1729 1163 1751 mnes
1180 1717 1237 1752 suae
1252 1719 1405 1755 doetrinae
1414 1721 1610 1756 aduersarios
1629 1725 1778 1759 conficiat
1790 1749 1800 1763 ,
1820 1727 1909 1774 post·
1942 1728 1947 1733 ’

1071 1776 1164 1811 quam
1174 1768 1304 1813 impleta
1313 1766 1406 1802 fuerit
1419 1770 1544 1814 piorum
1558 1773 1752 1807 obedientia.
1772 1776 1909 1810 Perinde

1070 1814 1157 1847 enim
1168 1815 1200 1848 id
1212 1817 1293 1850 valet
1304 1829 1337 1850 ac
1349 1815 1369 1850 fi
1382 1817 1511 1855 diceret,
1526 1818 1671 1854 destinari
1686 1821 1854 1863 praesertim
1873 1835 1909 1857 ae

1070 1862 1177 1906 primo
1185 1864 1261 1897 loco
1271 1864 1484 1911 Euangelium
1496 1865 1691 1907 fidelibus‚vt
1702 1868 1737 1902 fir
1749 1871 1810 1905 illis
1821 1872 1851 1904 in
1864 1870 1906 1904 sa-

1069 1910 1181 1944 lutem:
1193 1909 1243 1944 sed
1254 1912 1361 1957 postea
1375 1926 1440 1946 non
1451 1913 1584 1959 impune
1595 1917 1745 1950 cellurum
1758 1919 1906 1952 incredu-

1068 1957 1175 2004 lis‚qui
1188 1970 1372 2005 contempta
1383 1960 1503 1994 Christi
1514 1963 1613 2006 gratia
1622 1986 1631 2001 ‚
1641 1976 1713 1996 eum
1727 1967 1839 1998 mortis
1849 1973 1904 1999 a'u-

1069 2003 1196 2048 thorem
1208 2005 1323 2040 habere
1333 2008 1502 2041 maluerint
1511 2009 1604 2055 qnaim
1615 2011 1695 2044 vitae.

1115 2057 1148 2087 18
1173 2054 1244 2099 Qui
1252 2055 1346 2088 credit
1356 2058 1387 2088 in
1397 2068 1474 2092 eum,
1480 2068 1534 2087 non
1545 2057 1781 2095 condemnatur.)
1804 2058 1905 2103 Qrbd

1068 2101 1165 2133 toties
1173 2113 1207 2133 ac
1218 2111 1281 2135 tarn
1300 2099 1407 2136 sedule>
1417 2102 1551 2136 inculcat
1561 2115 1644 2137 extra
1656 2107 1766 2138 mortis
1776 2118 1901 2151 pencu-

1068 2148 1133 2181 lum
1147 2147 1206 2181 ess‘c
1217 2161 1331 2183 omnes
1340 2148 1463 2187 fideles,
1475 2150 1549 2184 hinc
1560 2153 1795 2197 celligerelicet
1806 2159 1902 2202 quim

1067 2195 1233 2230 neccssaria
1247 2195 1281 2230 fit
1294 2196 1584 2232 fiduciaecertitudo
1602 2205 1632 2234 ἅ·
1652 2200 1803 2235 stabilutas
1820 2224 1830 2240 ‚
1859 2215 1898 2236 ne

1067 2244 1221 2288 perpetuo
1232 2246 1392 2290 trepident
1408 2259 1442 2278 ac
1460 2245 1588 2280 aestuent
1599 2247 1808 2283 conscientiae.
1837 2253 1901 2283 lte·

1067 2303 1137 2325 rum
1149 2301 1227 2338 ergo
1239 2294 1424 2337 pronuntiat
1442 2294 1560 2327 nullam
1573 2308 1700 2329 manere
1719 2299 1899 2331 damnatio-

1065 2350 1141 2373 nem
1151 2339 1205 2372 vbi
1216 2341 1455 2374 crediderimus.
1465 2342 1554 2387 quod
1563 2343 1657 2376 etiam
1669 2341 1750 2378 infr&
1761 2355 1788 2388 5.
1797 2347 1898 2391 capite

1065 2383 1159 2420 fufius
1168 2397 1313 2431 exponet.
1325 2387 1456 2422 Praesens
1465 2390 1588 2434 teinpus
1602 2391 1652 2425 hi'c
1663 2393 1812 2437 accipitur
1822 2395 1896 2428 loco

1063 2431 1161 2468 futuri
1180 2446 1216 2467 ex
1226 2434 1452 2470 consuetudine
1470 2438 1583 2485 lingua:
1593 2440 1758 2474 Hebrsirae
1770 2454 1776 2473 ε
1789 2443 1853 2475 vult
1865 2455 1900 2476 e-

1064 2481 1132 2516 nim
1142 2479 1276 2517 fideles&
1287 2495 1370 2517 metu
1383 2485 1597 2520 damnationis
1609 2488 1732 2521 securas
1742 2487 1897 2523 effePro-

1063 2530 1148 2564 xima
1158 2528 1308 2565 sententia
1324 2535 1395 2580 Q
1404 2530 1478 2566 vero'
1488 2546 1544 2567 non
1556 2536 1662 2570 creda,
1673 2540 1732 2569 &a
1745 2536 1898 2582 significat

1063 2590 1130 2611 non
1142 2579 1223 2612 aliud
1237 2577 1296 2612 csse
1306 2581 1482 2615 remedium
1502 2594 1566 2628 quo
1583 2594 1719 2617 mortem
1731 2583 1893 2629 quisquam

1062 2624 1233 2660 hominum
1244 2625 1382 2673 effugiat.
1393 2627 1450 2662 acii
1461 2629 1591 2666 diceret,
1601 2631 1751 2664 omnibus
1762 2633 1814 2677 qui
1826 2632 1896 2667 dati

1062 2674 1096 2707 in
1107 2673 1236 2708 Christo
1246 2675 1342 2708 vitam
1352 2676 1580 2714 reiiciuntmon
1590 2679 1701 2712 restare
1712 2678 1766 2711 nili
1780 2683 1892 2714 mortE:

1063 2734 1161 2768 quum
1172 2734 1237 2756 non
1250 2722 1325 2754 alibi
1336 2723 1401 2757 vita
1413 2724 1534 2759 conflet
1545 2725 1638 2771 quaim
1650 2726 1680 2758 in
1692 2726 1765 2759 fiu‘e.
1780 2730 1894 2761 Praete-

1061 2771 1158 2804 ritum
1169 2768 1258 2805 verbi
1269 2780 1394 2816 tempus
1405 2771 1568 2814 ἐμφάτικῶς
1575 2773 1689 2817 posuit,
1701 2785 1766 2819 quo
1778 2776 1892 2810 melius

1062 2818 1249 2864 exprimeret
1275 2817 1315 2851 de
1334 2818 1487 2851 omnibus
1509 2820 1678 2853 incredulis
1698 2822 1800 2855 aetum
1823 2822 1891 2857 esse.

1061 2865 1248 2900 Notandum
1259 2875 1383 2902 autem,
1403 2865 1565 2905 Christum
1585 2868 1780 2912 peculiariter
1793 2871 1831 2904 de
1842 2870 1891 2906 his

1060 2913 1149 2959 loqui
1161 2925 1296 2958 quorum
1308 2913 1453 2957 impietas
1464 2912 1535 2945 sein
1547 2913 1714 2950 manifesto
1723 2917 1888 2964 Euangelij

1060 2970 1244 3005 contemptu
1255 2961 1444 3005 prodiderit.
1469 2962 1611 2995 Tametli
1623 2964 1709 2998 enim
1721 2976 1830 3000 verum
1843 2967 1889 3002 est

1059 3022 1125 3043 non
1137 3008 1217 3042 aliud
1230 3019 1368 3052 vnquam
1378 3005 1464 3041 fuiffe
1475 3005 1655 3056 effugiende
1670 3014 1892 3051 mort‘isreme-

1060 3057 1148 3091 dium
1159 3055 1252 3103 quzim
1265 3054 1284 3088 si
1296 3054 1332 3088 ad
1345 3055 1508 3089 Christum
1519 3055 1707 3105 cof-rigerent
1726 3061 1887 3102 homines,

1059 3106 1131 3152 quia
1142 3114 1245 3138 tamen
1256 3101 1307 3135 hic
1319 3102 1465 3138 Christus
1476 3102 1593 3139 disserit
1603 3107 1642 3140 de
1652 3108 1797 3156 Eufigelij
1809 3123 1886 3155 prae-

1060 3151 1228 3188 dicatione,
1239 3162 1306 3196 quae
1318 3150 1486 3198 spargenda
1499 3164 1564 3186 erat
1575 3166 1628 3199 per
1638 3166 1742 3190 totum
1754 3159 1885 3196 mundfi,
1905 3175 1925 3179 ··

1059 3199 1236 3234 sermonem
1255 3196 1397 3233 aduersus
1409 3213 1464 3234 eos
1472 3200 1595 3247 stringit
1606 3204 1658 3248 qui
1668 3204 1827 3238 accensam
1837 3206 1887 3240 di·-

1059 3248 1175 3282 uinitus
1184 3247 1286 3280 lucem
1296 3244 1406 3292 sponte
1417 3260 1450 3282 ac
1462 3250 1600 3296 malagne
1613 3254 1810 3298 extinguunt.
1909 3265 1922 3274 *t

228 3352 267 3384 19
293 3345 365 3380 Hoc
372 3353 483 3382 autem
493 3342 537 3394 est
546 3339 818 3395 iudicium,qubd
823 3342 883 3382 lux
894 3347 1041 3384 venitin
1049 3341 1264 3389 mundum&
1274 3341 1469 3383 dilexerunt
1479 3344 1637 3385 homines
1648 3345 1801 3386 tenebras
1812 3360 1884 3387 ena-

169 3397 221 3453 gl?
230 3395 334 3455 qukm
343 3396 415 3436 luce
420 3411 567 3440 merant
575 3402 668 3440 enim
678 3398 770 3438 mala
781 3412 895 3439 eorum
911 3397 1016 3455 opera.
