2310 3841
289 1041 387 1069 psal-69.

290 1075 305 1099 b
319 1083 356 1099 io.

293 1228 404 1251 scot-tt.

291 1258 315 1283 d.
322 1260 354 1281 ιδ.

295 1292 407 1323 [Rapa-5.

418 193 475 223 110
946 169 1019 215 IN
1086 168 1320 210 ACTA
1364 164 1618 208 APOST.

450 253 519 282 Non
530 245 635 278 desinis
646 242 803 282 euertere.)
812 240 880 272 Vias
889 240 1016 271 Domini
1025 237 1153 281 appellat
1162 247 1256 270 totam
1267 236 1411 268 rationem
1422 246 1477 278 qua
1490 244 1545 265 nos
1553 233 1588 266 ad
1596 234 1624 265 se
1634 230 1765 266 deducit.
1801 231 1878 266 hanc
1895 231 2014 266 testatur
2026 232 2155 271 ,Ρῖεῃῃῃ

419 293 477 327 esse
488 297 519 325 &
530 292 636 324 restam
654 302 661 319 :
680 299 797 329 magum
809 296 907 318 autem
917 284 1029 316 accusat
1039 306 1048 320 ‚
1057 283 1140 326 qubd
1150 282 1206 314 suis
1223 282 1401 322 ambagibus
1411 283 1441 312 δι
1454 280 1580 321 iiroph'is
1588 289 1652 322 eam
1660 289 1826 310 contortam
1839 300 1849 314 ,
1864 277 2018 309 flexuosam
2028 275 2038 313 ¹,
2050 282 2080 311 δι
2091 295 2160 326 9²¹·

422 339 535 382 plexam
545 336 657 367 reddat.
680 335 759 364 vnde
772 331 850 363 vtilis
858 330 991 360 doctrina
1001 328 1103 369 colligi
1115 327 1230 369 potest,
1239 326 1351 356 diaboli
1363 324 1470 356 scilicet
1481 325 1539 355 astu
1551 323 1627 358 fieri,
1639 335 1676 354 rie
1685 322 1762 355 facili
1774 323 1854 355 cursu
1866 324 1901 355 ad
1912 315 2076 356 Dominum
2090 339 2156 370 per.

423 391 534 425 gamus.
567 379 726 420 simplicem
738 377 817 408 enim
830 375 906 407 viam
918 374 1081 406 &minime
1091 370 1231 415 spinosam
1244 371 1272 401 in
1285 370 1379 401 verbo
1387 366 1439 400 suo
1447 369 1536 400 nobis
1550 369 1695 399 monstrat.
1709 398 1710 401 ,
1722 369 1826 407 Qate
1836 366 1937 399 sedulo
1954 371 2076 401 cauendi
2093 373 2158 405 sunt

424 427 600 467 impostores
610 445 619 459 ‚
630 423 679 465 qui
689 421 744 452 suis
755 423 801 451 vel
810 419 926 451 salebris
937 441 946 455 ‚
955 419 1002 451 vel
1012 417 1098 460 spinis
1109 418 1186 449 viam
1203 414 1371 457 impediunt
1381 433 1390 448 ‚
1402 413 1448 444 vel
1458 414 1583 444 reddunt
1603 413 1691 443 nobis
1707 413 1845 454 asperam.
1866 411 1922 443 Hic
1938 410 2011 442 verb
2025 424 2158 456 repetere

425 472 530 502 iteruin
542 469 684 500 conuenit
694 466 776 508 quod
787 466 867 506 prius
874 464 956 506 attigi
965 482 974 496 ‚
985 474 1045 493 non
1053 461 1165 501 semper
1176 460 1304 490 dandum
1315 457 1372 489 esse
1380 459 1454 489 vitio
1471 457 1580 489 Christi
1597 455 1686 488 seruis
1696 477 1706 492 ,
1715 456 1733 487 fi
1744 457 1879 488 violento
1895 457 2012 496 impetu
2028 456 2158 494 ferantur

427 525 531 546 contra
542 511 685 555 professos
698 511 765 542 sanae
775 509 912 541 doctrinae
920 508 1017 538 hostes
1027 518 1034 537 :
1045 505 1095 537 nisi
1107 503 1182 536 sorte
1191 505 1330 546 Spiritum
1342 502 1469 534 sanetum
1480 503 1710 543 intemperantiae
1725 512 1807 532 teum
1827 511 1913 542 agere
1929 501 2032 532 libeat.
2054 507 2160 548 Neque

428 569 528 591 tamen
540 560 646 600 ignoro
657 556 741 598 quani
754 555 893 597 procliuis
902 553 935 584 sit
945 553 998 583 hac
1012 552 1043 583 in
1052 560 1132 592 parte
1143 547 1252 590 lapsus.-
1262 546 1322 590 quo
1333 558 1424 590 mag-,s
1434 547 1470 578 ad
1480 548 1644 579 cauendum
1653 546 1784 576 intentos
1795 543 1850 577 esse
1870 547 1936 587 pios
1954 544 2092 581 doctores
2109 561 2160 582 ne-

432 602 508 636 cesse
520 604 568 634 est.
592 601 716 642 primum
729 621 738 635 ,
748 611 784 631 ne
795 599 849 630 zeli
861 607 997 640 praetextu
1009 617 1018 632 ‚
1029 592 1284 627 carnisaffectibus
1293 591 1465 633 indulgeant
1478 603 1486 620 ι
1497 590 1606 623 deinde
1615 612 1623 625 ‚
1634 599 1669 620 ne
1681 591 1819 632 piaecipiti
1832 593 1861 622 8<
1874 592 2084 632 intempestiuo
2101 593 2161 626 fer-

432 658 504 681 uore
515 647 658 679 ebulliant
668 645 735 680 ,vbi
745 644 839 676 adhuc
851 641 1047 673 moderationi
1058 639 1097 670 est
1106 639 1205 670 locus:
1216 636 1306 669 tertib
1316 658 1326 673 ,
1337 647 1374 667 ne
1382 635 1518 667 futilibus
1538 646 1571 667 ac
1590 635 1739 664 indecoris
1756 637 1895 666 couuitiis
1910 635 2040 667 habenas
2054 638 2162 671 laxent:

432 692 480 724 sed
490 692 602 725 tantdm
613 701 644 722 vr
653 701 693 720 rei
705 691 907 731 indignitatem
918 686 1077 717 verborum
1085 684 1229 727 grauitate
1239 682 1411 723 exprimant.
1433 682 1511 712 Talis
1521 678 1670 711 fuitsanffi
1681 679 1737 710 zeli
1749 678 1904 720 &spiritus
1923 680 2111 716 vehementia
2129 685 2162 716 in

432 738 591 779 Prophetis
601 758 609 771 ,
621 745 707 776 quam
721 734 737 764 si
749 733 949 763 turbulentam
960 731 1091 761 iudicant
1103 727 1370 759 molles&delicati
1383 726 1532 761 homines,
1543 733 1602 755 non
1612 734 1747 765 reputant
1760 724 1846 765 quam
1857 723 1939 755 chara
1949 728 1979 757 δι
1991 727 2119 768 preciosa
2128 727 2163 761 fit

435 785 502 814 Deo
512 781 558 813 sua
569 790 683 813 veritas.
708 782 796 810 Nunc
805 788 864 808 non
877 786 952 807 vnus
959 775 1074 816 Elymas
1082 775 1116 805 ad
1124 771 1347 804 subuertendam
1357 770 1444 802 fidem
1456 769 1577 811 insurgit
1590 790 1598 804 ,
1608 766 1655 799 s'ed
1664 770 1822 803 innumeri,
1834 770 1864 800 δι
1876 769 1995 811 quidem
2006 770 2095 814 longe
2104 773 2165 805 sce.

435 828 598 859 leratiores.
619 825 760 854 Videmus
770 823 847 853 enirn
857 821 945 863 quam
957 819 1091 861 sacrilega
1100 818 1218 849 audacia
1226 818 1309 848 omni
1319 816 1433 847 honore
1444 817 1541 846 Deum
1551 813 1677 856 spolient
1693 835 1701 848 ,
1713 813 1798 854 quam
1810 812 1902 845 foedis
1911 817 2084 856 corruptelis
2101 819 2166 849 toti

436 873 612 915 religionem
624 868 796 912 profanent,
806 865 892 907 quam
904 864 1062 896 crudeliter
1073 862 1187 894 miseras
1195 861 1305 893 animas
1313 861 1492 902 praecipitent
1502 860 1531 889 in
1542 869 1681 891 arternum
1692 859 1814 888 exitium
1826 879 1835 893 ,
1846 858 1934 899 quim
1945 860 2167 901 indigneChr-i.

436 917 481 949 sto
492 917 613 949 illudant
626 937 634 950 ,
646 913 731 955 quam
742 910 823 943 foede
832 921 927 942 totum
938 910 994 940 Dei
1007 909 1118 940 cultum
1127 906 1296 938 deforment
1307 924 1316 939 ,
1325 905 1410 946 quam
1419 904 1571 935 atrocibus
1580 903 1697 944 probris
1706 903 1834 934 lacerent
1845 903 1950 933 sacram
1961 906 2018 936 Dei
2030 907 2166 942 veritate,

439 962 528 1004 quam
538 960 660 991 barbara
671 956 823 999 tyrannide
833 953 988 986 Ecclesiam
1000 954 1058 985 Dei
1066 953 1176 984 vastent
1188 964 1194 982 ε
1206 961 1236 981 vt
1246 960 1297 981 eos
1307 950 1384 980 dicas
1393 953 1489 981 Deum
1500 949 1626 990 ped-bus
1636 948 1755 979 calcate.
1777 949 1850 978 Sunt
1860 958 1958 979 tamen
1977 950 2083 983 morosi
2103 950 2166 992 ple.

440 1008 524 1049 rique
535 1004 704 1044 Philosophi
717 1022 725 1035 ‚
737 1003 785 1042 qui
797 999 918 1031 furiosos
931 999 996 1028 illos
1006 999 1143 1040 gigantes
1151 995 1304 1027 blanditiis
1313 995 1434 1025 mulceri
1447 994 1569 1025 vellent.
1594 993 1687 1034 Atqui
1699 1002 1788 1033 quum
1799 992 1872 1023 tales
1883 993 1978 1034 palam
1996 993 2028 1025 fit
2045 996 2164 1037 nunqii5

442 1049 562 1096 gustasse
573 1049 642 1091 quid
653 1048 703 1078 libi
715 1046 784 1077 velit
796 1043 964 1078 illud‚Zelus
975 1043 1143 1072 domustuae
1153 1040 1285 1071 comedit
1297 1050 1458 1070 mezeotum
1470 1037 1640 1080 frigore,aut
1649 1047 1775 1069 veterno
1786 1038 1884 1078 potius
1894 1039 1991 1070 valere
2006 1038 2167 1076 iuffo,acxi.

443 1106 534 1130 εει-,νε
544 1093 674 1128 deleniri
685 1089 829 1122 asserenda
842 1089 898 1119 Dei
910 1088 1002 1129 gloria
1013 1086 1100 1127 vsque
1112 1084 1147 1115 ad
1156 1084 1298 1115 summum
1309 1082 1457 1115 feruorem
1467 1080 1626 1114 efferamur.

437 1171 444 1178 ,
476 1151 499 1171 11
534 1142 575 1170 Ec
585 1149 600 1169 c
611 1148 625 1166 ε
636 1134 756 1173 manus.)
780 1137 883 1171 Manus
891 1131 939 1163 hic
954 1132 1073 1172 ponitur
1081 1130 1116 1161 ad
1127 1128 1240 1172 plagam
1253 1127 1440 1169 infligendam
1452 1137 1530 1167 :quo
1540 1125 1680 1167 significat
1689 1127 1787 1156 Deum
1799 1124 1885 1155 huius
1894 1125 2030 1158 vindictae
2039 1125 2104 1165 effe
2115 1137 2167 1159 au-

444 1185 560 1217 thorem
571 1203 580 1217 ,
593 1188 618 1212 ie
629 1180 698 1210 verb
709 1180 846 1210 duntaxat
854 1176 1026 1207 ministrum.
1047 1173 1142 1206 Porro
1152 1193 1161 1208 ‚
1172 1174 1228 1205 lia-c
1237 1171 1358 1204 facultas
1367 1172 1439 1202 mihi
1449 1170 1505 1202 efl'e
1525 1171 1642 1202 videtur
1651 1190 1660 1204 ‚
1670 1180 1756 1210 quam
1776 1170 1882 1200 Paulus
1899 1170 1957 1211 ipse
1979 1173 2123 1213 aptioris
2131 1170 2168 1203 ad

446 1229 583 1261 Corinth.
593 1225 718 1263 δυΑοιμιν
729 1222 864 1264 appellat.
897 1224 971 1252 Nam
983 1220 1065 1251 ficuti
1075 1219 1229 1261 pollebant
1241 1218 1347 1248 virtute
1357 1217 1482 1257 Spiritus
1491 1214 1526 1245 ad
1537 1214 1683 1246 iuuandos
1694 1213 1840 1246 miraculis
1849 1213 1962 1251 fideles,
1972 1215 2010 1247 fic
2017 1216 2168 1260 flagellum

447 1276 475 1305 in
488 1283 574 1304 manu
586 1272 754 1302 habebant,
763 1277 821 1310 quo
830 1266 956 1298 rebelles
967 1267 996 1297 δι
1007 1264 1171 1295 obstinatos
1181 1263 1346 1293 domarent.
1369 1261 1471 1291 Talem
1482 1262 1588 1291 Petrus
1599 1259 1627 1289 in
1637 1260 1749 1289 Arianis
1761 1262 1789 1290 δι
1811 1259 1950 1300 Sapphiia
1967 1261 2023 1292 Dei
2040 1261 2171 1293 vindiCli

447 1317 560 1350 exeruit
570 1328 577 1347 ι
587 1314 632 1346 sed
644 1314 782 1356 quoniam
792 1311 929 1342 miracula
938 1320 969 1342 vt
979 1309 1136 1351 plurimum
1148 1307 1255 1338 Christi
1267 1316 1395 1337 naturam
1406 1304 1513 1336 reseire
1524 1304 1691 1337 debebant,
1700 1304 1748 1345 qui
1759 1313 1840 1335 totus
1850 1304 1994 1336 humanus
2005 1306 2056 1341 est,
2064 1305 2169 1339 suauis,

447 1361 601 1394 beneficus
612 1382 620 1396 ‚
632 1362 662 1391 &
673 1357 834 1389 misericors
843 1355 932 1386 :ideo
945 1365 1004 1385 rata
1014 1351 1127 1384 diuersae
1135 1351 1275 1394 potentiae
1283 1349 1415 1390 exempla
1425 1360 1476 1391 per
1486 1349 1642 1390 Apostolos
1653 1349 1699 1379 edi
1709 1348 1815 1378 voluit.
1839 1359 1934 1390 neque
1945 1350 2108 1390 putandum
2126 1349 2169 1381 est

447 1409 501 1438 hac
511 1400 738 1437 facuitaiefmise
747 1400 899 1433 instructos
909 1421 918 1435 ,
929 1397 1172 1441 quotieslibitum
1186 1393 1254 1427 esset
1263 1395 1429 1436 quempiam
1440 1393 1536 1425 ulcisci
1547 1392 1609 1428 ,sed
1619 1392 1741 1433 Spiritus
1750 1392 1827 1428 Dei,
1836 1395 1888 1435 qui
1905 1393 1942 1425 sic
1960 1405 2012 1425 eos
2027 1395 2171 1430 armabat,

449 1452 529 1483 idem
538 1450 572 1481 ad
581 1449 691 1480 tectum
703 1446 907 1487 &legitimum
918 1443 997 1475 vsum
1009 1442 1136 1474 director
1144 1439 1210 1472 fuit.
1231 1442 1335 1481 Itaque
1347 1439 1490 1469 memoiia
1499 1440 1660 1469 tenendum
1671 1436 1800 1478 estquod
1819 1448 1898 1478 prius
1915 1439 2072 1470 habuimus
2081 1441 2173 1475 ,Pau-

450 1495 511 1528 lum
523 1489 955 1537 Spiritusitistinstuloquutum
970 1486 1035 1519 effe.
1058 1485 1149 1518 Porrb
1160 1484 1313 1521 ,vindictae
1322 1493 1415 1526 genus
1427 1483 1511 1514 valde
1523 1481 1685 1524 appositum
1697 1480 1760 1514 fuit.
1783 1492 1848 1513 nam
1868 1493 1958 1524 quum
1977 1483 2067 1515 solem
2086 1484 2173 1515 obre-

450 1540 574 1573 nebrate
585 1547 686 1580 magus
695 1543 823 1568 tentaret
833 1554 842 1568 ‚
852 1537 882 1565 &
893 1532 956 1564 aliis
966 1529 1199 1574 praeripetelucis
1208 1527 1389 1560 beneficium
1401 1549 1410 1564 ‚
1421 1527 1479 1569 ipse
1490 1528 1520 1557 in
1532 1525 1690 1557 horribiles
1704 1527 1842 1558 tenebras
1859 1528 1921 1559 iure
1938 1527 2084 1560 demersus
2103 1527 2170 1559 fuit.

451 1585 509 1616 Sed
521 1594 610 1626 quum
621 1582 711 1613 hodie
721 1580 806 1611 multi
817 1588 851 1609 ex
858 1576 1139 1619 Papistisi-mpierate
1149 1583 1267 1616 magum
1277 1572 1360 1602 istum
1371 1571 1505 1612 superent
1514 1590 1523 1604 ‚
1533 1571 1639 1602 mirum
1649 1570 1743 1602 videri
1753 1571 1859 1610 potest,
1868 1583 1919 1602 cm
1928 1573 1986 1603 mis
1997 1573 2116 1615 impune
2127 1583 2175 1603 (e,

451 1630 500 1661 dat
510 1628 639 1662 audacia,
650 1626 678 1656 in
689 1635 746 1666 qua
754 1634 813 1655 tam
823 1622 979 1654 insolenter
987 1620 1014 1651 se
1025 1619 1141 1650 iaetant.
1162 1619 1211 1648 ’Λη
1220 1626 1321 1647 manus
1331 1616 1388 1647 Dei
1398 1615 1578 1646 imbecillior
1587 1613 1642 1644 effe
1651 1615 1794 1655 coepinan
1805 1613 1886 1646 illum
1900 1617 1997 1647 minor
2007 1619 2100 1660 tangit
2109 1617 2175 1659 glo.

451 1675 499 1704 riae
507 1673 558 1703 suae
569 1676 654 1703 cura?
667 1680 703 1701 au
715 1665 882 1699 vindicandi
891 1662 1176 1708 Euangelijstudium
1185 1659 1481 1701 remifinRespondeo
1491 1681 1501 1695 ,
1510 1659 1661 1690 visibilem
1672 1659 1748 1690 hanc
1757 1669 1878 1700 poenam
1888 1681 1897 1695 ‚
1909 1671 1970 1701 quae
1980 1672 2068 1704 mago
2086 1659 2177 1692 semel

454 1717 565 1749 inflicta
575 1714 629 1746 fuit
641 1716 670 1746 δε
681 1711 948 1752 similes‚perpetuae
958 1710 1002 1740 irae
1010 1708 1068 1739 Dei
1077 1705 1210 1746 exempla
1228 1702 1285 1736 effe
1298 1705 1326 1735 iri
1338 1715 1388 1734 eos
1398 1714 1501 1734 omnes
1512 1703 1562 1745 qui
1574 1713 1672 1744 puram
1685 1704 1838 1744 Euangelij
1849 1704 2012 1736 destrinam
2021 1707 2067 1737 vel
2078 1708 2179 1736 corit'i·

455 1772 526 1805 pere
537 1764 568 1793 δε
578 1759 739 1790 adulterare
751 1777 760 1792 ‚
769 1756 816 1787 vel
826 1754 918 1796 palam
929 1752 984 1784 suis
995 1751 1148 1783 calumniis
1158 1758 1329 1790 oppugnare
1345 1759 1405 1778 non
1416 1758 1563 1778 verentur.
1584 1746 1690 1777 scimus
1699 1749 1816 1778 enimin
1829 1747 1905 1778 hunc
1917 1748 2005 1779 finem
2016 1750 2051 1780 ad
2061 1757 2181 1791 ternpus

459 1806 538 1838 edita
548 1802 630 1835 fuisse
640 1800 777 1832 miracula
786 1817 795 1832 ‚
806 1808 835 1830 vt
847 1796 992 1838 perpetuo
1004 1796 1121 1837 vigeant
1132 1814 1142 1828 ‚
1150 1803 1184 1823 ac
1193 1801 1261 1822 ante
1270 1791 1374 1821 oculos
1384 1790 1544 1825 versentur,
1557 1787 1698 1832 nobisque
1709 1790 1825 1822 luceant
1835 1792 1870 1824 ad
1880 1790 2092 1833 spectandaDei
2102 1794 2181 1824 iudi.

459 1851 504 1882 cia
513 1867 523 1882 ‚
533 1858 594 1889 quae
603 1845 699 1877 oculis
708 1844 816 1874 nonita
825 1841 980 1882 conspicua
990 1839 1064 1870 sunt.
1089 1834 1234 1868 Caeterum
1246 1856 1255 1870 ,
1266 1838 1334 1866 Deo
1345 1835 1419 1866 hanc
1428 1834 1474 1867 vel
1483 1834 1561 1866 illam
1575 1836 1719 1866 rationem
1731 1855 1740 1871 ,
1749 1844 1804 1877 qua
1816 1837 1915 1876 puniat
1927 1836 2024 1868 hostes
2034 1838 2183 1880 suos,prae·

459 1893 587 1925 seribere
597 1890 727 1920 nostrum
736 1897 795 1917 non
806 1885 855 1917 est.
875 1885 993 1926 Sergius
1003 1881 1108 1914 Paulus
1117 1902 1128 1917 ‚
1138 1881 1268 1923 quiante
1277 1879 1390 1911 virilem
1399 1890 1511 1911 aetatem
1524 1879 1636 1911 nullum
1646 1879 1799 1921 religionis
1808 1890 1881 1911 verae
1898 1882 2012 1922 gustum
2030 1881 2186 1915 habuerat:

457 1938 508 1980 qui
519 1937 533 1967 Ξι
543 1934 666 1978 pueritia
676 1931 762 1964 variis
770 1928 1023 1971 superstitionibus
1032 1925 1166 1958 imbutus
1175 1946 1185 1961 ,
1195 1924 1281 1955 valde
1290 1923 1377 1955 ardua
1388 1923 1536 1955 obstacula
1546 1923 1677 1956 habebat
1685 1945 1694 1959 ‚
1703 1934 1765 1966 quae
1773 1923 1865 1966 ipsum
1875 1927 1891 1956 a
1901 1925 1957 1957 fide
1976 1926 2185 1968 prohiberent:

455 1983 507 2024 qui
517 1977 664 2022 postrem'o
673 1977 750 2020 magi
761 1973 873 2006 delitiis
882 1972 1031 2004 fascinatus
1039 1993 1049 2007 ‚
1058 1972 1108 2002 vix
1118 1979 1232 2012 poterat
1242 1968 1277 2001 ad
1286 1968 1375 2000 fidem
1394 1969 1534 2000 accedere
1542 1991 1552 2005 ‚
1561 1979 1622 2001 non
1637 1968 1756 1999 leuibus
1770 1969 1958 2001 adminiculis
1971 1980 2048 2012 opus
2064 1972 2186 2003 habuit·

455 2027 526 2058 hinc
537 2024 643 2056 facium
653 2022 693 2053 est
702 2041 711 2055 ,
721 2030 754 2053 vt
762 2021 845 2050 Deus
856 2016 932 2060 quasi
944 2017 959 2048 ὲ
969 2017 1039 2048 caelo
1048 2025 1165 2046 manum
1174 2013 1273 2055 aperte
1281 2014 1453 2056 porrigeret.
1475 2023 1642 2055 quanquam
1653 2014 1682 2042 in
1694 2014 1756 2043 eius
1766 2014 1885 2055 persona
1895 2036 1904 2050 ,
1915 2025 1970 2046 nos
1980 2026 2085 2048 omnes
2099 2017 2184 2047 adiu·

456 2071 595 2103 uit.1dem
605 2068 684 2100 enim
695 2062 1063 2106 Euangelium‚cuiustunc
1072 2059 1177 2091 sancita
1187 2058 1241 2090 suit
1250 2057 1515 2094 authoritas,hodie
1525 2058 1613 2088 nobis
1624 2057 1805 2097 ptaeditatur.
1826 2069 1922 2100 neque
1932 2069 2030 2098 tamen
2039 2060 2081 2092 ita
2096 2059 2183 2093 ceffat

457 2113 623 2156 Deus,quin
632 2109 751 2144 diuersis
762 2108 859 2140 modis
868 2105 1088 2140 formidabilem
1098 2101 1174 2136 suam
1184 2106 1348 2146 potentiam
1359 2111 1461 2135 contra
1467 2102 1619 2145 Euangeiij
1630 2101 1727 2133 hostes
1738 2103 1899 2134 exetatzmsi
1909 2103 1946 2135 ad
1956 2098 2019 2135 eius
2028 2104 2135 2137 iudicia
2153 2105 2184 2137 ti

456 2161 581 2192 hebetes
589 2156 678 2188 nobis
685 2152 776 2186 ess'ent
784 2152 870 2184 oculi.

496 2215 523 2236 ιι
556 2205 625 2234 Tvn
633 2211 650 2231 c
663 2197 820 2242 proconsul
831 2196 1032 2236 videns.)Hoc
1041 2193 1081 2225 est
1089 2192 1170 2235 quod
1181 2191 1260 2230 dixi,
1269 2193 1413 2234 abruptos
1423 2188 1503 2222 fuisse
1511 2190 1634 2233 laqueos
1643 2209 1652 2224 ‚
1663 2189 1771 2232 quibus
1782 2189 1874 2232 ipsum
1885 2191 2055 2224 deuinCtum
2064 2191 2182 2234 Elymas

462 2247 594 2278 tenebat.
617 2242 759 2276 miraculo
769 2242 848 2273 enim
859 2241 893 2272 ad
904 2240 992 2273 fidem
1004 2238 1148 2271 dedussus
1156 2236 1431 2280 fuitzquiainirium
1451 2235 1520 2267 fidei
1541 2234 1581 2266 est
1597 2245 1630 2265 ac
1647 2235 1983 2276 praeparatio‚d06hinae
2004 2239 2180 2269 renuentia,

463 2292 565 2334 Qum
580 2300 651 2329 ergo
661 2286 781 2319 minime
791 2285 946 2317 obscurum
957 2284 1062 2324 diuina:
1075 2282 1344 2324 virtutisspecimen
1355 2281 1449 2312 oculis
1464 2280 1746 2314 cerneret‚Paulum
1762 2281 1885 2322 agnouit
1901 2281 2042 2313 diuinitus
2062 2281 2179 2314 mimam

463 2336 519 2367 effe
529 2357 538 2372 ‚
548 2343 635 2375 atque
643 2333 683 2364 ita
692 2332 756 2362 eius
765 2329 928 2360 doctrinam
937 2347 946 2362 ‚
957 2329 987 2359 in
997 2328 1079 2359 cuius
1089 2326 1147 2358 fide
1157 2328 1235 2368 ptius
1243 2326 1397 2360 haesitabat,
1406 2324 1546 2366 suspicere
1556 2324 1678 2364 incepit.
1700 2326 1787 2355 Nunc
1797 2322 1814 2354 fi
1825 2325 1973 2356 Dominus
1983 2327 2132 2368 Euangelij
2143 2326 2180 2356 fi-

464 2382 532 2412 dem
543 2400 552 2414 ,
560 2387 620 2420 quae
630 2386 676 2408 tot
685 2375 805 2415 tamque
812 2372 916 2404 validis
923 2372 1055 2413 vndique
1064 2371 1208 2402 machinis
1215 2372 1383 2403 concutitur
1393 2390 1402 2404 ‚
1415 2368 1588 2399 mirabiliter
1597 2368 1625 2397 in
1636 2367 1795 2399 multorum
1805 2370 1911 2401 animis
1920 2369 2030 2401 firmam
2049 2370 2177 2405 sustinet,

464 2425 485 2456 st
494 2420 659 2454 incredibili
669 2417 760 2451 modo
769 2415 882 2450 facit‚vt
892 2427 943 2458 per
953 2416 1034 2447 mille
1043 2414 1191 2445 obstacula
1199 2415 1341 2446 eluciemr
1350 2412 1418 2444 fidei
1430 2411 1591 2447 cursus‚hac
1603 2411 1665 2441 eius
1672 2413 1762 2453 gratia
1773 2415 1958 2449 contenti,ne
1969 2417 2179 2449 obmurmure-

462 2479 529 2500 mus
537 2466 583 2498 vel
594 2475 661 2498 cum
671 2475 708 2496 eo
716 2460 933 2505 expostulemus
941 2481 953 2496 ,
961 2469 993 2491 ac
1005 2457 1024 2490 fi
1034 2458 1163 2491 deterior
1172 2456 1241 2490 effer
1251 2457 1339 2489 nostri
1347 2455 1483 2488 conditio
1491 2477 1502 2491 ‚
1510 2455 1530 2486 si
1541 2455 1677 2487 miracula
1689 2457 1824 2498 quotidie
1834 2469 1912 2491 noua
1920 2470 1975 2502 pro
1986 2470 2060 2492 voto
2079 2458 2180 2490 nostro

462 2523 524 2546 non
541 2511 620 2543 fiant.

510 2614 541 2650 13
584 2603 705 2649 ‘Quem
714 2606 826 2632 autem
836 2591 857 2632 ax
867 2589 978 2646 Papho
978 2584 1149 2649 sbluiffent
1159 2589 1257 2628 Pauli
1267 2591 1414 2635 comites,
1426 2600 1599 2628 venerunt
1608 2578 1736 2643 P'ergen
1745 2590 1872 2646 Pamph
1866 2608 1885 2645 J·
1892 2591 1952 2631 lia.
1964 2598 2107 2631 Ioannes
2115 2607 2175 2632 aa·

458 2669 524 2697 tem
537 2652 688 2716 digreffzos
698 2649 739 2689 ab
748 2652 780 2704 ip
774 2646 985 2704 sts‚reuersus
996 2647 1042 2698 est
1050 2645 1283 2699 lerosolymam.

485 2727 525 2761 14
580 2719 678 2750 Porro
693 2708 742 2747 illi
757 2721 859 2760 quum
869 2707 1038 2759 regionem
1048 2700 1231 2756 transtffint
1241 2709 1536 2758 Pcrgae,vcnerunt
1543 2701 1786 2744 antiochiam
1803 2702 1981 2756 Pistoriae&
1992 2704 2124 2759 ingresst
2140 2706 2181 2743 in

460 2777 665 2824 Synagogam
673 2765 728 2802 die
739 2758 1165 2810 Sabbathorumsederunt.

518 2838 548 2874 15
587 2821 659 2874 Post
666 2820 843 2859 leffionem
849 2814 932 2856 verb
944 2818 1043 2870 Lego·
1056 2815 1094 2861 &
1108 2811 1703 2869 Prophetarummiseruntemtgistri
1711 2821 1884 2870 Synagogae
1892 2814 1943 2854 ad
1949 2829 2004 2854 eos
2017 2815 2177 2856 dicentes:

467 2889 499 2923 V
501 2884 544 2920 iri
542 2877 712 2935 fratresfi
719 2876 809 2930 estin
819 2872 1027 2928 vobisfirmo
1038 2870 1279 2911 exhortationis
1289 2871 1338 2908 ad
1340 2871 1510 2926 populum,
1524 2871 1634 2909 dicite.
1834 2876 1844 2882 “

504 2991 529 3019 ¹3
560 2982 697 3010 Narratur
705 2971 754 3005 hic
763 2973 852 3006 altera
860 2972 941 3005 Pauli
952 2971 1047 3004 statio.
1069 2982 1136 3003 nam
1143 2970 1244 3014 Papho
1254 2967 1394 3011 digressus
1402 2992 1411 3006 ,
1421 2981 1511 3012 quum
1522 2968 1645 3002 venisset
1663 2969 1852 3002 Antiochiam
1863 2969 1971 3002 Pifidiae
1979 2991 1989 3005 ‚
1999 2969 2059 3001 illic
2069 2978 2185 3002 memo*

475 3023 596 3057 rabilem
606 3020 779 3054 concionem
789 3019 912 3054 habuit,
925 3027 1012 3058 quam
1024 3015 1080 3048 vna
1091 3027 1157 3047 cum
1167 3012 1290 3048 successu
1312 3013 1417 3046 referet
1427 3019 1526 3046 Lucas.
1551 3015 1740 3047 Priustamen
1751 3015 1851 3047 obiter
1865 3024 2079 3047 commemorat
2096 3017 2185 3050 loan-

478 3069 524 3100 riis
534 3065 681 3098 discessum
692 3084 700 3099 ‚
711 3064 778 3104 quia
787 3062 980 3104 posteattistis
990 3060 1092 3102 diffidi]
1105 3060 1184 3092 causa
1192 3059 1255 3092 fuit.
1279 3059 1380 3098 Qum
1392 3058 1463 3092 dicit
1471 3059 1552 3091 Pauli
1562 3059 1689 3091 comites
1701 3070 1714 3088 s
1722 3071 1739 3090 o
1747 3071 1832 3091 tviss
1841 3072 1856 3092 ii
1875 3057 1978 3100 Papho
1988 3078 1997 3093 ‚
2007 3059 2104 3101 primo
2113 3060 2184 3091 loco

478 3111 619 3153 intelligit
628 3108 748 3141 Paulum
757 3108 847 3149 ipsum
859 3129 869 3144 ,
881 3105 989 3138 deinde
998 3104 1071 3136 alios
1081 3115 1206 3148 excepto
1215 3105 1328 3138 vno.1ta
1337 3105 1466 3136 notando
1476 3105 1537 3136 eius
1555 3103 1729 3140 mollitiem,
1738 3099 1812 3136 alio}
1826 3103 1987 3146 laudat,qui
2008 3102 2185 3146 infatigabili

478 3155 636 3190 constantia
644 3152 765 3184 Paulum
774 3150 884 3193 sequuti
895 3149 970 3182 sunt.

513 3213 544 3238 14
576 3202 612 3230 1⁸
621 3208 684 3230 oar.
693 3207 706 3224 s
717 3206 729 3224 s
738 3207 748 3225 t
759 3195 806 3226 die
817 3194 1048 3234 sabbathorum.)
1070 3196 1233 3225 Numerum
1242 3189 1380 3233 pluralem
1389 3189 1458 3222 loco
1473 3190 1622 3234 singularis
1631 3189 1726 3233 posuit
1733 3213 1743 3228 ‚
1752 3188 1831 3222 ficuti
1842 3189 1912 3221 alibi
1923 3189 1992 3232 saepe
1999 3190 2029 3222 in
2039 3181 2187 3233 Sci-iprum

481 3244 619 3277 occurrit.
641 3240 783 3271 §olebant
794 3240 870 3271 enim
881 3238 1036 3270 Sabbathis
1046 3238 1207 3269 conuenire
1216 3257 1226 3272 ‚
1236 3247 1272 3268 ne
1281 3234 1404 3278 ipsorum
1414 3236 1508 3267 otium
1518 3236 1624 3268 inutile
1634 3237 1811 3278 &ignauum
1823 3233 1908 3266 foret.
1918 3235 2056 3267 Habebat
2064 3235 2187 3277 quidem

482 3286 624 3321 Sabbathi
632 3283 773 3316 institutio
784 3286 814 3315 δε
822 3283 910 3314 alium
920 3283 1008 3314 finem
1020 3291 1051 3313 vt
1061 3280 1211 3323 spiritualis
1220 3280 1328 3323 quietis
1335 3277 1404 3310 effer
1412 3278 1501 3321 figura
1511 3300 1520 3315 ‚
1532 3280 1601 3311 dum
1612 3279 1713 3312 fideles
1723 3279 1833 3310 mundo
1842 3281 1874 3311 δε
1885 3280 1961 3311 carni
1982 3281 2089 3311 mortui
2099 3301 2108 3315 ‚
2118 3291 2188 3321 pro-

483 3336 544 3375 pria
554 3331 704 3363 voluntate
714 3326 741 3359 se
751 3326 886 3358 abdicant
895 3348 904 3362 ,
914 3329 946 3359 &
954 3324 1060 3358 eeffant
1068 3325 1084 3357 ὲ
1094 3326 1149 3357 suis
1156 3325 1306 3367 operibus.
1326 3323 1418 3354 Huius
1428 3325 1530 3355 veritas
1539 3344 1548 3359 ‚
1558 3324 1624 3365 quia
1634 3323 1721 3355 nobis
1737 3322 1849 3355 constat
1867 3323 1898 3354 in
1915 3323 2048 3358 Christo,
2057 3324 2126 3355 dum
2143 3323 2188 3355 iili

482 3375 644 3416 consepulti
654 3372 784 3405 exuimus
793 3380 920 3402 veterem
929 3371 1094 3403 hominem,
1103 3371 1172 3402 ideo
1182 3379 1265 3403 vetus
1273 3369 1364 3412 figura
1371 3368 1516 3408 praeteriit.
1537 3367 1592 3399 Sed
1602 3370 1683 3400 Deus
1691 3367 1844 3409 politicum
1855 3367 1933 3399 vsum
1945 3367 2025 3398 simul
2036 3367 2189 3409 speClauit,

483 3430 516 3452 vt
526 3419 614 3451 iudaei
625 3418 699 3449 cutis
708 3415 847 3447 omnibus
855 3414 917 3445 aliis
926 3417 956 3446 δι
966 3414 1093 3455 negotiis
1101 3413 1186 3445 soluti
1196 3435 1205 3450 ‚
1215 3412 1307 3445 sacros
1326 3422 1489 3444 conuentus
1504 3423 1633 3453 agerent.
1656 3413 1695 3443 ita
1711 3409 1828 3443 ceffatio
1843 3412 1880 3443 ab
1896 3412 2037 3453 operibus
2054 3411 2191 3447 terrenis.

483 3457 639 3494 caesestibus
648 3462 701 3493 suis
711 3458 962 3492 exercitiislocum
972 3458 1121 3490 dabat.Sic
1131 3460 1162 3491 δε
1170 3456 1261 3491 hodie
1267 3455 1349 3491 feriis
1357 3455 1498 3490 vtendum
1509 3456 1628 3490 estideo
1638 3458 1716 3489 enim
1728 3455 1783 3488 alia
1792 3456 1890 3488 omnia
1907 3457 2103 3489 intermittere
2119 3465 2191 3487 coti-

483 3507 610 3543 uenit,Vt
617 3505 737 3538 liberius
744 3506 812 3537 Deo
821 3513 923 3537 vacare
933 3502 1027 3535 liceat.

2030 3551 2057 3579 ¹5
2089 3543 2191 3576 Pon·

2297 645 2310 668 ⁴¹..
2292 548 2310 639 -Λ;.,..Ῐ.
2308 509 2310 515 .
2305 483 2310 498 .-
2307 463 2310 467 i
2306 440 2310 450 ‚„
2299 371 2310 430 Aac.

2307 1306 2310 1325 ,,
2292 1126 2310 1255 --.,.,-,.ζ
