2310 3841
659 179 1020 222 SECVNDVM
1075 179 1453 224 IOHANNEM.

238 246 322 281 rium
331 258 371 281 ne
388 246 418 282 se
435 242 614 292 polluerent
636 264 647 281 ,
673 255 773 290 quum
784 255 885 279 totam
897 245 1066 290 regionem

232 296 388 341 pollueret
398 305 508 330 eorum
528 290 684 338 impietas,
715 294 840 326 Interea
854 305 907 338 per
919 305 974 326 eos
993 304 1066 328 exe-

231 343 338 390 quitur
356 346 518 378 Dominus
534 340 624 387 quod
642 338 746 374 salutis
763 341 874 375 nostrae
890 341 1063 386 plurimum

229 391 380 425 intererat
400 414 410 429 ,
429 388 658 424 vtmirabiliter
668 388 820 422 intaCtum
834 400 956 422 maneat
966 388 1063 423 Chri-

229 437 266 472 sti
281 443 438 485 corpus,&
449 449 485 471 ex
496 437 562 470 eius
571 437 668 470 latere
678 436 777 471 fluant
787 436 912 483 sanguis
931 440 961 470 δι
972 449 1061 484 aqua.

227 489 307 521 Erat
325 499 447 534 magnus
463 484 615 519 daestllr'us
625 483 781 518 Sabbatha
818 485 926 532 Magis
935 496 1060 530 recepta

227 535 326 569 1εᾶἰο
338 536 469 572 elt,Erat
482 544 614 579 magnus
625 533 677 566 ille
688 533 833 566 dies:haec
844 543 951 566 tamen
963 545 1059 580 quam

226 582 316 627 posui
331 583 385 621 ,in
397 582 504 615 multis
514 580 642 615 vetustis
663 587 693 615 ἃ
711 580 853 626 probatis
873 582 1059 625 exemplari·

225 629 286 664 bus
295 630 439 664 habetur.
465 629 584 675 eligant
604 630 741 662 leetores
758 640 859 662 vtram
880 630 1058 662 maluerint.

224 678 350 726 Silegas
364 677 470 712 c’mer‘vw
480 679 512 710 in
524 677 668 723 genitiuo
679 699 689 714 ,
715 676 909 711 Sabbathum
929 688 986 721 pro
996 676 1059 722 ipsa

221 724 429 760 hebdomade
437 724 621 760 sumendum
631 725 691 758 etit
708 747 719 764 ,
748 724 807 758 acsi
819 724 939 758 dixisset
950 725 1058 758 Euan—

225 773 337 819 gelista
358 772 446 808 l'uiffe
464 774 548 810 illius
570 771 748 822 septimanae
767 772 852 807 diem
871 771 983 806 festum
1001 774 1056 805 Pa-

223 821 338 856 schatis
348 818 757 867 respe&u‚celeberri1num.
782 822 940 866 Loquitur
950 829 1055 852 autem

223 869 425 917 Euangelista
445 870 483 903 de
500 868 648 914 proximo
660 869 729 906 die,
748 869 836 901 cuius
852 866 979 901 initium
992 877 1057 900 erat

223 919 265 951 ab
275 916 384 953 occasu
394 916 466 950 solis
489 928 497 949 z
519 928 586 963 quo
604 918 705 949 maior
714 926 779 949 erat
793 915 909 962 religio
921 915 1054 948 cadaue-

223 977 259 999 ra
285 962 426 1010 suspensa
444 964 634 1009 relinquere.
670 963 724 996 Sin
735 965 812 998 vero
823 963 923 1010 magis
933 963 1054 1008 placeat

221 1013 254 1046 in
265 1012 466 1047 nominatiuo
477 1010 544 1045 casu
554 1012 671 1058 legere,
682 1012 756 1045 Erat
766 1011 820 1045 ille
831 1023 962 1057 magnus
973 1011 1052 1049 dies,

221 1061 339 1095 eodem
360 1058 424 1094 fere
446 1060 565 1093 recidet
586 1057 688 1093 sensus
714 1081 725 1098 ‚
747 1070 900 1106 quantum
920 1061 956 1092 ad
968 1056 1051 1092 surn—

221 1122 307 1144 mam
320 1109 415 1143 reitin
426 1107 531 1141 verbis
539 1108 663 1141 tanti-nn
674 1109 733 1142 erit
744 1109 876 1141 varietas
900 1130 909 1142 ,
937 1119 1052 1153 nempe

220 1156 312 1203 quod
346 1155 539 1190 Sabbathum
562 1156 641 1190 illud
660 1154 919 1190 sanetiusfaceret
930 1154 1051 1189 Paschae

220 1202 370 1238 accessio.

257 1263 287 1297 33
320 1254 427 1299 Qum
436 1262 536 1287 autem
544 1251 587 1286 ad
598 1252 693 1294 Iesum
702 1253 868 1294 veniffim.)
879 1251 980 1299 de
990 1249 1051 1285 fra-

220 1301 281 1334 ἂίε
291 1304 427 1333 duorum
450 1302 608 1333 latronum
628 1298 771 1333 cruribus
787 1298 950 1333 christum
961 1312 1048 1333 mor-

220 1349 488 1381 tuuminueniunt
508 1370 518 1384 ,
543 1358 637 1393 atque
649 1348 722 1380 ide.)
734 1360 800 1380 non
815 1347 974 1393 attingunt
986 1348 1053 1381 eius

218 1406 356 1441 corpus,
376 1396 408 1429 in
427 1408 468 1429 eo
497 1395 778 1436 extraordinarium
797 1395 925 1430 Diuinae
945 1397 1053 1440 proui-

219 1443 335 1477 dentiae
345 1455 426 1490 opus
434 1455 569 1489 apparet.
581 1444 704 1476 Dicunt
715 1444 842 1489 quidem
855 1441 977 1488 profani
990 1443 1051 1477 ho-

219 1492 342 1530 mines,
351 1493 534 1525 naturaliter
544 1491 613 1525 fieri
632 1492 826 1523 vraliusalio
845 1492 1050 1530 citiusinori-

218 1548 269 1572 tur
287 1553 295 1572 ε
314 1539 423 1573 verum
435 1541 488 1585 qui
499 1550 599 1573 totam
612 1538 748 1572 historiae
759 1536 870 1572 seriem
881 1540 1048 1584 expendet,

215 1597 332 1620 arcano
353 1587 420 1620 Dei
448 1586 582 1621 consilio
607 1584 782 1618 austriberc
805 1597 937 1631 cogetur
960 1587 1048 1632 qudd

215 1645 305 1668 mors
331 1634 479 1667 omnium
504 1634 661 1679 opinione
687 1634 822 1666 celerior
849 1633 1012 1668 ehristum
1032 1635 1048 1668 ὲ

216 1678 374 1715 fruetioue
383 1694 509 1716 crurum
520 1683 646 1716 exemit.

269 1742 292 1774 4
325 1731 383 1763 Sed
393 1744 470 1764 vnou
489 1733 618 1764 miluum
634 1730 749 1764 lancea.
775 1733 796 1771 )
823 1730 925 1775 Qod
942 1731 1050 1764 lancea

219 1774 398 1811 confoffum
409 1777 468 1813 fuit
484 1777 664 1813 eiuslatusa
675 1777 775 1810 milite
793 1799 803 1815 ,
827 1776 944 1811 factum
955 1778 1047 1812 estad

219 1835 360 1858 mortem
370 1824 642 1872 comprobandam
653 1837 660 1858 t
690 1824 740 1858 sed
751 1826 840 1858 Deus
849 1826 947 1870 longe
956 1827 1048 1859 altius

216 1871 396 1918 respexit‚vt
406 1887 481 1908 mox
492 1874 682 1907 videbimus.
719 1872 843 1905 Puerile
862 1875 939 1906 vero
957 1874 1040 1919 Papi-

215 1920 330 1954 starum
349 1931 589 1959 commentum,
599 1921 653 1967 qui
665 1932 701 1953 ex
710 1920 1046 1966 lanceario‚L6ginum

213 1964 356 2002 fecerunt
375 1990 386 2006 ,
413 1968 577 2013 proprium
588 1968 648 2000 viri
662 1979 781 2000 nomen
799 1967 1045 2015 effes-ingentes:

211 2027 248 2050 ac
258 2015 378 2064 nequid
403 2015 513 2052 fabulae
521 2014 647 2054 deesset,
663 2027 778 2049 caecum
790 2015 875 2059 prius
884 2014 972 2049 fuisse
985 2017 1047 2049 mi-

211 2063 304 2098 litem
317 2065 426 2110 nugati
436 2061 550 2101 sumn&
579 2073 710 2108 recepto
725 2060 790 2095 visu
799 2062 837 2096 ad
854 2061 952 2098 fidem
965 2075 1049 2097 con-

211 2109 347 2146 uersum.
387 2117 494 2158 ltaque
503 2111 542 2145 ab
552 2111 658 2145 illisin
669 2109 846 2144 sanctorum
865 2111 1046 2158 catalogum

212 2160 329 2194 relatus
339 2158 392 2194 est.
439 2159 577 2195 Talibus
586 2158 728 2205 patronis
739 2170 836 2204 quum
847 2156 976 2192 suffultae
986 2157 1047 2192 sint

214 2219 327 2242 eorum
337 2220 446 2254 preces
463 2208 591 2254 quoties
601 2209 709 2242 Deum
722 2207 886 2244 inuocant‚
897 2207 974 2253 quid
983 2206 1046 2240 ob-

215 2253 305 2290 secro
322 2256 492 2301 impetrare
509 2267 648 2301 vnquam
659 2264 810 2299 poterunt
833 2256 847 2287 ?
883 2254 944 2289 Sed
955 2255 1047 2302 digni

216 2301 287 2336 sunt
297 2303 479 2351 quicunque
489 2303 593 2349 spreto
602 2301 734 2338 Christo
744 2301 886 2348 suffragia
897 2314 1045 2337 mortuo-

216 2362 287 2384 rum
298 2361 423 2396 captant
442 2374 451 2389 ‚
478 2363 559 2397 quos
575 2350 722 2384 diabolus
739 2350 778 2384 ad
795 2351 1047 2384 laruas&lemu-

215 2410 266 2432 res
275 2398 418 2444 abripiat.
430 2399 673 2447 Extuitsimguis,
684 2401 722 2436 ά»
730 2409 825 2442 aqua.
850 2398 1048 2432 Hallucinati

214 2444 286 2480 sunt
298 2446 448 2494 qnidam,
466 2447 652 2481 miraculum
670 2444 721 2480 hic
739 2445 909 2492 fingentes.
942 2447 1046 2480 Natu-

214 2494 281 2528 rale
298 2495 383 2528 enim
402 2494 446 2528 est
466 2495 541 2529 dum
559 2493 741 2540 coagulatur
757 2491 881 2540 sanguis
900 2515 911 2532 ,
938 2493 1049 2528 amiss'o

217 2541 336 2575 rubore
345 2541 511 2589 fieriaquae
523 2541 673 2577 similem.
709 2550 823 2575 notum
842 2542 938 2575 etiam
960 2541 1047 2576 estin

216 2588 402 2628 membrana
417 2590 599 2636 praecordiis
617 2589 719 2623 vicina
736 2601 849 2635 aquam
876 2590 1047 2625 contineri.

215 2637 357 2682 Decepti
372 2635 441 2671 sunt
457 2649 563 2673 autem
574 2637 621 2674 illi
631 2661 641 2677 ,
654 2637 741 2683 quod
751 2647 814 2680 tam
825 2635 934 2672 sedulo
944 2639 1046 2672 Euan·

217 2683 328 2731 gelista
356 2684 492 2720 inculcat
515 2698 629 2732 aquam
650 2683 768 2726 flrxxill'e
792 2696 864 2718 curn
885 2684 1047 2733 sanguine.

217 2732 278 2768 acsi
302 2732 421 2779 aliquid
439 2733 601 2767 insolitum
614 2738 645 2768 δι,
657 2742 766 2778 praeter
776 2731 889 2767 nat'urae
898 2735 1046 2768 ordinem

217 2779 360 2814 referret.
395 2780 457 2813 Sed
474 2781 557 2815 aliud
579 2780 606 2814 ei
617 2779 676 2814 fuit
685 2779 870 2818 consilium,
887 2788 1003 2828 nempe
1013 2793 1048 2815 vt

217 2829 432 2864 narrationem
450 2825 534 2863 suam
551 2839 670 2874 aptaret
678 2826 842 2873 Scriptutae
855 2827 1048 2864 testimoniis

219 2887 288 2922 quae
300 2888 374 2910 mox
383 2873 510 2910 subiicit
535 2889 543 2910 :
569 2875 738 2922 praesertim
756 2875 834 2910 vero
851 2886 885 2909 vt
901 2876 976 2912 inde
989 2878 1049 2911 eli-

220 2935 329 2958 cerent
339 2924 449 2957 fideles
465 2924 554 2971 quod
564 2924 628 2970 ipse
645 2922 722 2957 alibi
746 2924 897 2958 admonet
913 2947 924 2963 ‚
949 2925 1049 2959 Chri-

220 2970 302 3006 stum
320 2969 562 3006 scilicetveniffe
579 2978 650 3006 crim
670 2971 1050 3020 aqua&sanguine:qui-

222 3017 283 3053 bus
306 3018 412 3055 verbis
429 3019 583 3067 fignificat
601 3019 705 3054 secum
724 3019 854 3053 attulisse
871 3033 977 3056 veram
996 3035 1050 3055 ex-

224 3065 398 3110 piationem
421 3072 452 3103 &
471 3080 581 3103 verum
600 3068 769 3101 lauacrum.
804 3068 890 3102 Nam
902 3079 1048 3113 peccato-

224 3123 294 3145 rum
317 3114 457 3149 remiffio
473 3121 504 3152 δε
522 3115 638 3150 iustitia
653 3115 827 3160 animaeque
845 3117 960 3160 puritas
971 3120 1049 3150 duo-

224 3158 358 3205 busillis
372 3162 523 3208 symbolis
531 3165 562 3197 in
574 3166 662 3209 Lege
679 3162 893 3209 figurabantur
905 3186 915 3201 ‚
933 3162 1047 3198 sacrifi-

224 3206 282 3240 ciis
292 3211 322 3242 &
333 3207 559 3246 ablutionibus.
570 3214 607 3246 In
617 3209 774 3245 sacrificiis
785 3209 908 3258 sanguis
923 3223 1047 3257 peccata

223 3254 368 3300 expiabat
402 3280 412 3293 ,
447 3272 482 3294 ac
493 3260 628 3305 pretinm
647 3269 711 3291 erat
732 3259 782 3291 irae
795 3259 859 3292 Dei
880 3261 1044 3305 placandae:

219 3303 342 3336 lauacra
351 3302 530 3340 testimonia
548 3318 634 3341 erant
643 3318 720 3340 verae
731 3307 871 3350 puritatis
880 3329 890 3346 ‚
901 3312 929 3342 δι
943 3319 1044 3340 reme-

219 3350 272 3384 dia
304 3350 342 3384 ad
360 3355 550 3398 purgandam
579 3354 815 3389 immunditiem
843 3367 877 3389 ac
895 3354 1043 3388 delendas

218 3397 320 3430 carnis
334 3395 450 3432 sordes.
467 3402 522 3435 Ne
540 3404 672 3447 amplius
684 3401 716 3433 in
728 3401 790 3435 illis
797 3402 962 3435 elementis
974 3400 1041 3433 sub-

218 3444 299 3479 sistat
313 3444 390 3480 fides
399 3468 409 3483 ‚
421 3447 578 3484 lohannes
597 3450 709 3495 quinto
719 3448 866 3492 Epistolae
876 3449 931 3482 suae
941 3448 1040 3491 capite

216 3492 343 3528 testatur
354 3493 510 3541 Vtriusque
522 3497 625 3542 gratiae
644 3497 914 3542 complementum
928 3494 987 3528 esse
1005 3495 1039 3528 in

1877 200 1931 237 193

1118 245 1250 280 Christo
1279 257 1288 277 ι
1316 242 1366 278 hic
1376 254 1480 276 autem
1492 240 1614 276 visibile
1633 240 1701 275 eius
1711 241 1756 276 rei
1769 240 1944 288 symbolum

1114 291 1248 337 profert.
1284 292 1410 326 Eodem
1421 291 1561 336 spectant
1572 303 1638 336 quae
1650 290 1795 324 Christus
1811 292 1946 339 Ecclesiq

1114 339 1172 374 suae
1183 341 1311 387 reliquit
1320 341 1520 373 sacramenta.
1533 351 1606 371 nani
1619 351 1648 371 in
1661 339 1822 384 Baptisino
1835 351 1949 387 purga-

1113 389 1160 422 tio
1172 394 1203 424 &
1214 400 1325 423 animae
1335 389 1451 434 puritas
1460 409 1470 425 ‚
1483 398 1550 433 quae
1561 398 1631 419 vrtae
1652 389 1795 420 nouitate
1814 388 1946 426 constat,

1112 437 1208 471 nobis
1217 436 1403 470 ostenditur:
1415 436 1520 469 Coena
1531 445 1634 468 autem
1654 443 1784 479 peractae
1795 436 1950 480 expiatio..

1111 485 1161 519 nis
1171 484 1215 520 est
1222 488 1348 532 pignus.
1362 482 1412 518 sed
1423 485 1545 529 longer}
1561 482 1720 516 veteribus
1731 484 1825 529 Legis
1837 483 1949 530 figuris

1110 530 1261 568 differunt
1287 545 1297 564 :
1332 533 1405 579 quia
1418 530 1733 565 Chrrstumoffexunt
1752 531 1849 565 veluti
1868 544 1947 577 prae-

1109 581 1228 616 sentem
1239 604 1249 620 ,
1276 590 1371 628 quem
1382 579 1482 613 atihuc
1496 581 1606 625 procul
1617 580 1718 612 abelle
1727 579 1823 625 Legis
1833 579 1941 624 sigurae

1109 629 1412 673 indicabant.Qare
1429 640 1495 661 non
1505 626 1646 672 displicet
1658 629 1744 673 quod
1756 625 1864 661 scribat
1874 631 1940 661 Au-

1109 677 1250 723 gustinus
1273 700 1283 716 ‚
1311 690 1346 710 ex
1355 675 1475 710 Christi
1486 677 1581 710 latere
1591 673 1711 709 fluxiss'e
1728 675 1832 709 nostra
1842 674 1941 709 sacra*

1108 736 1301 760 mentaztunc
1312 725 1398 759 enim
1409 725 1482 759 vere
1498 727 1628 758 demum
1638 725 1654 757 a
1664 721 1807 757 sordibus
1827 722 1944 757 nostris

1107 772 1285 812 abluimur,
1311 777 1342 807 δε
1362 785 1553 807 renouamur
1564 773 1594 805 in
1606 771 1742 805 sanctam
1755 782 1943 806 vitamztunc

1105 821 1262 866 redempti
1273 822 1289 855 a
1299 832 1403 855 morte
1430 843 1439 860 ‚
1461 826 1487 855 ἃ
1503 821 1596 855 soluti
1607 820 1716 854 &reatu
1728 844 1737 855 ,
1747 831 1853 853 coram
1865 821 1942 853 Deo

1105 868 1254 907 viuimus‚
1266 881 1364 915 quum
1374 867 1551 914 Baptismus
1562 874 1589 903 ἃ·
1603 867 1685 901 sacra
1696 869 1800 901 Coena
1810 868 1938 901 adlatus

1105 915 1227 950 Chr-issi
1237 929 1297 950 nos
1306 917 1479 954 deducunt,
1491 926 1524 949 vt
1534 917 1610 951 inde
1627 926 1776 963 tanquam
1786 928 1822 949 ex
1832 914 1935 954 fonte5

1104 965 1193 1010 qnod
1202 963 1417 1010 figurant‚fide
1428 963 1618 998 hauriamus.

1148 1015 1186 1056 36
1222 1014 1267 1045 Os
1276 1025 1331 1047 ncn
1342 1015 1554 1045 comminuetis.
1573 1016 1594 1054 )
1619 1012 1858 1045 Testimonium
1870 1011 1934 1044 hoc

1101 1058 1259 1107 sumptum
1271 1060 1316 1094 est
1332 1073 1367 1094 ex
1378 1060 1572 1093 duodecimo
1586 1061 1702 1098 Exodi,
1713 1060 1768 1092 vbi
1777 1061 1885 1094 Moses
1897 1060 1936 1093 de

1101 1120 1185 1154 agno
1218 1108 1357 1142 Paschali
1379 1109 1498 1142 traetat.
1535 1109 1636 1141 Sumit
1654 1119 1758 1142 autem
1777 1108 1936 1141 lohannes

1101 1167 1159 1199 pro
1177 1155 1319 1191 confesso
1349 1180 1359 1195 ‚
1386 1169 1503 1202 :agnum
1528 1158 1619 1190 illum
1635 1156 1813 1201 symbolum¹
1828 1156 1937 1189 veri&

1099 1205 1184 1238 vnici
1202 1204 1344 1249 sacrificij
1356 1203 1495 1251 ess'cuquo
1506 1206 1688 1239 redimenda
1701 1216 1764 1238 erat
1787 1203 1936 1238 Ecclesia.

1101 1253 1172 1286 Nec
1208 1253 1314 1288 obstat
1341 1254 1428 1300 quod
1441 1265 1473 1287 in
1490 1256 1680 1287 memoriam
1699 1253 1933 1297 redemptionis

1101 1300 1163 1333 iam
1175 1299 1260 1336 fastae
1275 1302 1511 1336 immolabatur.
1541 1301 1580 1335 sic
1605 1303 1689 1335 enim
1702 1301 1831 1334 volebat
1848 1308 1935 1333 meus

1101 1348 1180 1382 illud
1192 1349 1385 1384 beneficium
1397 1350 1597 1387 celebrari,vt
1608 1351 1640 1382 in
1661 1347 1800 1383 futurum
1812 1360 1936 1393 tempus

1100 1394 1292 1440 spiritualem
1327 1398 1469 1432 Eccleliae
1487 1398 1711 1432 liberationem
1723 1399 1938 1443 promitteret.

1101 1447 1210 1489 Qare
1228 1446 1339 1480 Paulus
1349 1458 1480 1494 quoque
1490 1446 1553 1480 line
1566 1445 1779 1480 controuersia
1790 1447 1825 1480 ad
1837 1445 1933 1479 Chri·
1946 1462 2077 1488 remur.

1099 1491 1181 1526 stum
1192 1505 1275 1538 aptat
1292 1506 1386 1540 quam
1409 1496 1482 1540 agni
1503 1494 1696 1529 comedendi
1709 1492 1846 1527 sormam
1859 1506 1934 1539 prae-

1097 1540 1331 1575 scribitMoses.
1369 1542 1415 1575 Ex
1438 1543 1495 1576 hac
1516 1544 1662 1588 analogia
1679 1546 1709 1575 ἃ
1729 1542 1935 1576 similitudine

1096 1585 1234 1621 finctum
1252 1601 1318 1622 non
1336 1592 1498 1635 vulgarem
1519 1589 1834 1636 colligitfrdeszqnia
1854 1590 1934 1623 salu-

1097 1645 1162 1668 tem
1175 1637 1206 1669 in
1225 1635 1357 1670 Christo
1382 1637 1557 1671 exhibitam
1579 1661 1588 1676 ‚
1616 1651 1648 1671 in
1667 1639 1819 1671 omnibus
1837 1639 1949 1686 Legis.

1097 1685 1297 1718 caeremoniis
1315 1685 1468 1719 intuetur.
1507 1686 1548 1719 Et
1566 1686 1626 1719 hnc
1651 1686 1766 1730 spectat
1782 1687 1934 1719 lobannis

1097 1732 1263 1765 confilium
1275 1754 1284 1770 ,
1306 1733 1470 1767 Christum
1481 1746 1591 1768 verum
1603 1732 1690 1767 fuisse
1701 1734 1935 1779 redemptionis

1097 1779 1208 1813 noslrae
1220 1793 1286 1813 non
1298 1781 1422 1815 tamum
1434 1783 1549 1827 pignus
1572 1804 1582 1819 ‚
1611 1783 1661 1816 sed
1673 1782 1767 1815 etiam
1783 1783 1930 1827 pretium:

1097 1827 1168 1872 quia
1179 1827 1211 1860 in
1223 1839 1263 1860 eo
1282 1829 1450 1872 impletum
1469 1831 1606 1863 cernitur
1628 1831 1806 1876 quodolim
1823 1829 1878 1865 sub
1892 1829 1932 1863 fi«

1096 1885 1173 1918 gura
1185 1871 1304 1908 Pascboe
1320 1875 1478 1909 ostensum
1497 1874 1663 1910 fnitveterr
1683 1879 1816 1921 pupulo,
1890 1889 1930 1910 uo

1096 1921 1192 1955 etiam
1206 1931 1377 1955 monentur
1388 1923 1482 1956 Iudaei
1500 1945 1510 1960 ‚
1534 1924 1567 1956 in
1586 1923 1716 1957 Christo
1731 1926 1928 1969 quaerendam

1095 1966 1155 2007 esse
1166 1970 1313 2003 omnium
1331 1967 1531 2004 substantiam
1544 1983 1610 2017 quse
1622 1974 1684 2004 Lex
1695 1970 1852 2016 figurauit,
1862 1983 1930 2005 non

1095 2028 1130 2049 re
1140 2016 1201 2062 ipsa
1210 2017 1362 2061 praestitit.

1130 2075 1167 2108 37
1204 2065 1364 2098 Videbunt
1381 2068 1414 2099 in
1431 2078 1518 2110 quem
1530 2064 1756 2108 transfixerunt.
1776 2070 1786 2104 )
1804 2067 1928 2106 Locum

1096 2111 1244 2157 huncqui
1262 2112 1432 2147 secundum
1452 2114 1575 2145 literam
1595 2114 1632 2145 de
1650 2112 1780 2146 Christo
1791 2125 1926 2158 expone-

1096 2171 1129 2192 re
1140 2161 1404 2198 conanturmmns
1414 2161 1559 2194 volenter
1569 2171 1732 2206 torquent.
1768 2164 1839 2194 Nec
1850 2161 1927 2193 vero

1095 2207 1128 2240 in
1138 2206 1222 2242 hunc
1232 2208 1330 2242 finem
1339 2209 1378 2242 ab
1389 2207 1586 2255 Euangelista
1597 2209 1708 2241 citatur
1727 2222 1734 2241 z
1761 2208 1811 2243 scd
1822 2209 1930 2255 potius

1095 2265 1129 2289 vt
1138 2255 1454 2291 ostendatChristum
1472 2255 1531 2290 else
1552 2260 1660 2290 Deum
1683 2257 1928 2303 illumquiolim

1096 2303 1288 2349 conquestus
1307 2304 1367 2338 fuit
1382 2316 1437 2350 per
1448 2304 1630 2337 Zachariam
1649 2303 1706 2337 sibi
1735 2306 1929 2349 petrusinu-

1096 2350 1170 2384 daeis
1179 2351 1345 2386 transfodi.
1381 2353 1563 2386 lllicautem
1576 2356 1663 2386 Deus
1674 2352 1844 2386 hominum
1858 2365 1931 2386 mo-

1097 2399 1281 2444 reloquitur
1298 2422 1308 2438 ‚
1334 2398 1513 2447 significans
1523 2401 1652 2445 perinde
1662 2398 1690 2433 se
1701 2402 1927 2445 vulneraripo-

1095 2447 1161 2491 puli
1172 2445 1341 2482 sceleribus
1352 2469 1361 2485 ‚
1387 2461 1421 2482 ac
1431 2448 1597 2493 praesertim
1612 2448 1772 2481 obstinato
1784 2448 1871 2482 verbi
1882 2448 1927 2479 sui

1096 2504 1283 2542 contemptu
1308 2517 1319 2533 ‚
1347 2495 1506 2530 vtlethale
1525 2496 1567 2529 est
1588 2497 1619 2529 in
1648 2495 1781 2529 homine
1801 2495 1928 2528 mortali

1097 2544 1211 2577 vulnus
1229 2544 1345 2577 cuicor
1357 2543 1401 2577 est
1425 2543 1618 2577 transfixum.
1655 2544 1740 2576 Sic'ut
1757 2541 1832 2576 alibi
1851 2543 1929 2576 dicit

1096 2588 1238 2634 spiritum
1262 2591 1352 2624 suum
1370 2603 1511 2624 moerore
1523 2589 1749 2624 affefiumesse.
1777 2597 1841 2624 lam
1852 2590 1925 2636 quia

1096 2638 1241 2673 Christus
1259 2639 1350 2671 Deus
1362 2638 1406 2672 est
1424 2639 1559 2672 incarne
1578 2637 1789 2672 manifestatus
1813 2660 1823 2676 ‚
1846 2638 1924 2671 dicit
1933 2654 2071 2683 Masta&

1096 2685 1257 2720 Iohannes
1287 2686 1318 2718 in
1328 2684 1442 2718 visibili
1454 2687 1519 2720 eius
1529 2698 1621 2719 carne
1639 2687 1740 2730 palam
1757 2683 1844 2719 fuisse
1865 2685 1968 2722 ini—38.

1094 2735 1229 2778 pletum,
1239 2732 1326 2779 quod
1338 2733 1460 2766 Diuina
1481 2732 1698 2766 eiusmaicstas
1717 2754 1726 2770 ‚
1754 2732 1923 2767 secundum

1097 2782 1253 2815 rationem
1264 2792 1324 2824 qua
1341 2781 1404 2824 pati
1415 2791 1548 2824 poterat,
1562 2779 1640 2824 palla
1651 2779 1749 2813 fuerat
1769 2781 1920 2815 aludaeis.

1098 2841 1163 2862 non
1174 2828 1260 2875 quod
1276 2827 1400 2861 iniuriis
1417 2828 1587 2862 hominum
1598 2826 1756 2861 obnoxius
1773 2827 1808 2862 sit
1819 2831 1922 2866 Deus,

1099 2878 1149 2910 vel
1177 2877 1214 2910 ad
1237 2887 1309 2910 eum
1327 2873 1423 2921 vsque
1449 2873 1631 2921 perueniant
1656 2887 1722 2920 quae
1739 2876 1784 2909 illi
1795 2887 1922 2911 exterra

1098 2923 1213 2970 probra
1231 2923 1433 2968 ingeruntur:
1457 2923 1508 2956 sed
1520 2922 1590 2969 quia
1601 2921 1657 2955 hac
1668 2924 1858 2968 loquutione
1871 2938 1925 2958 ex-

1099 2973 1234 3017 primere
1244 2969 1348 3003 voluit
1357 2970 1464 3015 quanti
1481 2970 1630 3016 sacrilegij
1649 2971 1926 3007 realithominum

1101 3018 1332 3065 impietas,dum
1344 3015 1374 3051 se
1385 3019 1614 3052 contumaciter
1627 3020 1655 3051 in
1668 3023 1777 3053 catium
1799 3022 1923 3054 attollit,

1100 3067 1219 3102 Merito
1253 3075 1357 3099 autem
1384 3065 1668 3100 lohannes'ludaeis
1679 3067 1825 3101 adscribit
1837 3069 1924 3114 quod

1099 3115 1207 3148 militis
1216 3113 1356 3148 Romani
1369 3126 1461 3147 manu
1474 3116 1634 3160 peraetum
1646 3113 1699 3148 est:
1712 3117 1922 3161 quemadmo-
1949 3146 1954 3152 ,

1099 3163 1173 3196 dum
1184 3161 1259 3194 alibi
1270 3160 1416 3195 dicuntur
1425 3162 1538 3195 Filium
1550 3163 1615 3196 Dei
1626 3162 1826 3200 crucifixisse,
1842 3164 1919 3207 qui-

1098 3210 1144 3243 uis
1154 3209 1256 3255 digito
1267 3220 1332 3242 nou
1344 3209 1506 3255 attigerint
1515 3210 1581 3242 eius
1591 3222 1714 3256 corpus.
1726 3214 1821 3245 Nunc
1834 3222 1918 3255 qure-
1944 3235 1959 3251 a

1097 3258 1172 3290 ritui·
1187 3254 1395 3301 promittatne
1416 3259 1505 3292 Deus
1519 3260 1740 3304 poenitentiam
1762 3259 1870 3291 ludaeis
1885 3258 1918 3291 in

1095 3306 1234 3342 salutem,
1245 3317 1282 3338 an
1292 3303 1321 3338 se
1331 3316 1497 3340 venturum
1516 3307 1649 3339 virorem
1664 3306 1809 3338 ninetur.
1847 3306 1919 3353 Ego

1094 3353 1282 3386 dumloeum
1300 3353 1484 3399 diligentius
1494 3362 1649 3399 expendo,
1663 3364 1917 3399 vrrunquecom-

1094 3401 1187 3446 pleffi
1220 3399 1357 3434 arbitror
1401 3414 1409 3433 ε
1448 3402 1533 3447 qnod
1553 3400 1667 3433 scilicet
1678 3401 1824 3446 reliquias
1849 3412 1915 3434 tan-

1093 3449 1166 3482 dem
1193 3461 1228 3481 ex
1253 3448 1372 3492 perdita
1402 3452 1432 3483 &
1459 3442 1612 3491 desperata
1636 3459 1729 3491 gente
1741 3451 1770 3481 in
1785 3448 1913 3482 salutem

1092 3495 1224 3543 colliget
1235 3497 1343 3530 Deus:
1360 3500 1391 3530 ὅ(
1412 3495 1687 3540 contemptoribus
1703 3495 1852 3576 {atribili
1866 3499 1915 3531 sna

1782 3558 1790 3587 J
1938 3570 1972 3593 ..,
