2310 3841
837 108 1243 159 COMMENT.

201 188 431 226 alendas-Vera
441 186 539 237 igitur
547 199 614 223 non
626 186 717 237 {igno
727 190 818 223 tantu
833 188 1038 229 monstratur,

199 236 256 274 sed
265 251 302 273 re
312 237 374 286 ipsa
384 249 514 286 quoque
524 236 693 272 exhibetur
704 238 805 272 carnis
814 236 936 281 Christi
948 251 1036 273 man-

196 287 337 322 ducatio.
348 286 410 320 Sed
420 284 458 320 hi
465 300 480 321 c
493 290 553 321 tria
561 286 731 321 obseruare
747 287 934 334 operaepreti
947 291 965 320 u
976 286 1034 325 est,

196 347 239 374 ne
248 346 413 383 perperam
427 346 477 369 res
487 334 657 382 spiritualis
666 346 738 368 cum
750 333 840 380 signo
851 335 1028 369 misceatur:

196 383 370 422 deinde,ne
379 393 527 430 queratur
536 384 569 417 in
580 394 661 418 terra
671 382 883 422 Christus,ve1
895 381 951 417 sub
962 393 1029 417 ter-

193 432 282 466 renis
290 432 572 467 elementis.tertio
581 444 623 466 ne
632 430 772 478 fingatur
781 431 842 466 aha
854 431 1026 466 manduca-

193 480 243 515 tio
252 480 349 528 quam
358 491 426 528 qua·
435 491 548 515 arcana
560 480 694 528 Spiritus
707 479 824 514 virtute
835 478 958 515 Christi
976 480 1026 514 vi-

193 538 260 563 tam
270 527 367 562 nobis
376 527 504 574 inspirat
514 550 525 567 ,
536 528 625 578 quod
634 526 729 574 ipsam
740 527 867 561 nonnifi
886 525 951 562 sola
961 527 1025 563 fide

193 575 638 624 consequimur.Primuinfflt
647 575 710 611 dixi
721 579 732 614 )
744 586 870 610 maneat
888 576 971 612 inter
986 575 1026 611 si-

192 635 294 672 gnum
303 628 336 660 &
353 628 388 660 re
396 623 548 672 signatam
557 622 794 662 distinctiomist
805 623 941 660 velimus
950 637 1025 659 orn..

192 673 247 708 nia
259 683 452 720 peruenere.
477 673 594 720 Neque
603 673 692 706 enim
701 672 763 706 vlla
781 671 910 707 restabit
926 673 1024 708 sacra-

192 722 298 755 menti
308 720 498 760 vtilitasmifi
505 732 567 756 nos
577 732 636 768 pro
650 720 797 755 ruditatis
807 722 922 756 nostrae
931 731 1023 768 captu

189 768 209 804 ὲ
222 769 341 805 terreni
357 770 510 805 elementi
521 768 639 803 intuitu
649 767 688 802 ad
707 766 828 803 caeleste
838 768 1024 814 mysterium

191 817 480 854 deducat-Proinde
488 816 633 864 quisquis
644 826 761 861 corpus
783 816 906 853 Christi
916 816 937 850 a
942 823 1025 861 pane

190 877 260 900 non
269 865 470 903 discet-nen&
480 863 632 912 sanguine
641 862 658 898 Ξ
666 863 758 901 vino,
769 874 934 911 nunquam
945 865 1024 898 intel

189 915 271 962 liget
280 915 358 962 quid
368 913 559 948 velitCoena
568 933 579 952 ‚
589 913 639 947 vel
649 909 801 959 quorsum
809 909 861 946 his
871 910 1026 957 symbolis

190 967 295 999 vritur
304 962 584 1008 fideles.8equatur
592 959 709 996 deinde
719 959 884 1007 legitimus
897 960 952 994 ille
961 971 1025 1008 quq

191 1011 284 1047 rendi
295 1009 417 1046 Christi
428 1009 556 1047 modus,
565 1007 630 1043 hoc
639 1007 695 1047 est,
705 1020 746 1042 ne
757 1008 886 1043 interra
897 1008 1024 1043 mentes

190 1060 306 1094 nostrae
313 1055 538 1096 subsidant‚sed
552 1054 671 1091 sursum
688 1056 879 1092 consc‘e'dant
888 1057 926 1091 ad
938 1058 1023 1104 cgle-

189 1106 271 1142 stem
283 1107 422 1155 gloriam
432 1106 467 1140 in
475 1118 536 1153 qua
545 1105 678 1140 habitat.
689 1106 809 1152 Neque
817 1104 906 1139 enim
915 1105 1017 1140 Chri-

186 1155 350 1202 sticorpus
360 1153 641 1201 incorruptibilem
656 1153 755 1188 vitam
766 1153 872 1188 induit
883 1164 916 1187 vt
925 1164 1019 1187 natu-

188 1206 224 1239 τᾶ
233 1203 284 1238 sui
292 1203 544 1238 abiiceret:vnde
557 1201 694 1250 sequitur
706 1201 801 1237 finiti]
810 1200 881 1236 effe.
898 1204 931 1236 15
941 1202 1020 1236 vero

189 1248 280 1300 supra
288 1253 382 1292 caelos
392 1250 648 1297 ascendit‚nequa
660 1261 721 1284 nos
729 1251 764 1284 in
774 1249 910 1284 terrenis
926 1250 1021 1285 crassa

187 1299 380 1348 imaginatio
396 1310 542 1346 occupet.
568 1299 610 1335 Et
626 1296 698 1333 sane
709 1296 733 1332 si
755 1297 938 1345 mysterium
957 1298 1022 1334 hoc

189 1348 311 1386 caeleste
320 1346 463 1387 est‚nihil
473 1347 575 1394 magis
582 1345 805 1393 praeposterum
815 1346 910 1394 quim
922 1347 1023 1381 Chri-

189 1395 274 1432 stum
284 1397 318 1431 in
330 1407 446 1431 terram
460 1396 686 1442 deducemqui
696 1406 758 1429 nos
776 1392 895 1428 sursum
911 1396 1023 1441 potius

187 1445 229 1480 ad
239 1444 270 1480 se
277 1456 383 1480 vocat.
395 1444 556 1479 Vltimum
567 1443 658 1493 quod
667 1442 846 1478 notandum
857 1441 917 1476 effe
926 1444 1022 1478 admo

186 1492 304 1532 nui‚est
313 1491 570 1528 manducationis
580 1502 799 1539 genusmeque
810 1490 898 1525 enim
909 1493 946 1524 s6
952 1492 1022 1526 nii-

188 1540 267 1575 dum
277 1540 322 1576 est
330 1539 504 1575 naturalem
516 1538 586 1574 fieri
596 1537 770 1573 substantiae
779 1539 848 1585 eius
856 1537 1022 1574 transitum

188 1588 224 1623 iri
232 1589 356 1623 animas
367 1585 554 1622 nostraszsed
563 1588 743 1622 comeditur
753 1587 770 1621 a
779 1587 877 1622 nobis
889 1588 957 1621 eius
969 1600 1021 1622 ca-

187 1649 227 1672 ro
237 1637 280 1673 di'a
289 1650 327 1672 ex
334 1648 371 1671 ea
378 1637 477 1671 vitam
486 1635 690 1683 percipimus.
705 1637 842 1670 Teneda
850 1646 938 1670 enirn
947 1648 1022 1671 ana-

187 1685 276 1733 logia
285 1685 332 1720 est
340 1687 390 1720 vel
401 1683 579 1719 similitudo
591 1683 682 1731 panis
692 1695 766 1719 cum
777 1695 947 1731 earne‚qua
958 1685 1021 1720 do-

187 1745 298 1774 cemur
309 1746 376 1770 non
393 1731 480 1768 secus
498 1731 579 1780 pasci
597 1733 719 1768 animas
736 1743 831 1768 earne
848 1730 911 1778 ipsa
922 1731 1025 1768 Chri--

189 1779 229 1817 sti
239 1782 335 1829 quain]
344 1782 435 1829 panis
444 1781 593 1829 vigorem
603 1778 797 1827 corporibus
807 1779 1024 1828 instillat.Spi-

188 1830 310 1867 rituale
320 1842 400 1878 ergo
410 1831 602 1864 alimentum
612 1828 657 1863 est
666 1828 789 1864 Christi
799 1841 885 1868 caro,
894 1831 969 1878 quia
978 1842 1023 1864 no

189 1878 244 1913 bis
260 1878 388 1913 viuifica
397 1876 537 1912 eii-Ideo
549 1879 620 1910 aute
627 1877 771 1912 viuificat
778 1877 855 1924 quia
865 1878 942 1917 vita,
955 1889 1024 1925 quae

188 1925 225 1960 in
245 1939 282 1961 ea
295 1925 409 1961 residet
416 1946 428 1964 ‚
436 1924 572 1971 Spiritus
589 1921 714 1958 sanetus
731 1924 766 1958 in
781 1937 843 1959 nos
859 1922 1022 1961 diffundit.

189 1976 387 2021 Qanquam
398 1982 506 2007 autem
522 1970 608 2006 aliud
627 1969 673 2005 est
689 1970 772 2005 vesci
790 1971 912 2007 Christi
929 1985 1024 2008 carne

191 2023 289 2069 quam
299 2023 333 2056 in
343 2017 444 2067 ipsum
453 2019 594 2056 credere:
604 2017 767 2054 sciendum
784 2029 892 2054 tamen
901 2018 947 2054 est
955 2032 1025 2056 non

188 2071 284 2105 aliter
301 2068 435 2105 Christo
444 2080 507 2103 nos
520 2066 608 2114 poss'e
624 2065 706 2102 vesci
723 2066 821 2114 quam
836 2078 895 2114 per
910 2067 1022 2103 fidem.-

185 2118 265 2166 quia
276 2117 481 2153 manducatio
492 2115 556 2163 ipsa
564 2114 641 2151 fidei
650 2113 696 2150 est
708 2114 854 2150 effeetus.

228 2178 268 2211 29
303 2168 384 2200 Dico
390 2176 493 2201 autem
501 2163 622 2205 vobis.)
630 2166 727 2199 Hanc
735 2162 924 2198 sententiam
934 2163 1022 2198 Mat-

185 2215 288 2251 thaeus
304 2219 336 2250 δι
347 2215 476 2250 Marcus
486 2213 574 2249 sacrae
582 2213 696 2248 Coenae
705 2210 1025 2258 subiiciunt,postqua

190 2263 342 2300 Christus
353 2261 534 2309 symbolum
551 2257 712 2309 sanguinis
720 2259 766 2295 sui
775 2261 809 2294 in
818 2260 916 2296 calice
927 2260 1023 2295 dede·

187 2323 248 2348 rat.
265 2311 364 2349 Vnde
373 2311 533 2357 colligunt
543 2309 643 2357 quida
660 2309 713 2344 idc-
721 2309 774 2343 hie
784 2308 902 2343 narrari
912 2308 930 2342 a
937 2310 1023 2342 Luca

192 2361 282 2409 quod
293 2359 390 2407 paulo
400 2358 472 2406 post
481 2367 614 2404 repetet.
635 2358 698 2392 Sed
716 2356 807 2392 facile
816 2354 950 2390 soluitur
969 2355 1022 2391 hic

189 2408 387 2456 nodus-quia
398 2408 436 2442 ad
447 2419 515 2441 rem
525 2417 636 2452 parum
645 2403 778 2440 interest
787 2416 853 2452 quo
863 2405 1021 2451 temporis

184 2465 361 2493 momento
371 2454 436 2490 hoc
453 2453 603 2490 Christus
619 2452 743 2488 dixerit.
756 2465 830 2487 nam
837 2470 839 2473 ·
847 2451 910 2488 huc
929 2455 1021 2489 tantr'i

185 2503 328 2553 spectant
335 2501 741 2552 Euangelistffldmonitos
752 2498 842 2536 fuiffe
851 2499 1022 2547 discipulos

183 2563 252 2590 tam
261 2553 303 2588 de
319 2552 499 2600 propinqua
517 2548 666 2598 Magistri
680 2549 726 2585 sui
736 2561 842 2585 morte
852 2571 863 2589 ‚
872 2549 968 2597 quim
980 2550 1022 2585 de

183 2614 271 2638 noua
281 2605 316 2638 &
332 2599 445 2637 caelesti
456 2600 533 2635 vita.
553 2599 640 2634 Nam
650 2610 718 2646 quo
736 2598 870 2645 propius
886 2596 1023 2635 instabat

183 2649 266 2686 hora
275 2651 404 2688 mortis,
413 2661 455 2684 eo
465 2647 569 2695 magis
578 2644 706 2682 suer'unt
723 2645 961 2684 confirmandi,
978 2658 1022 2682 ne

182 2696 315 2747 prorsus
324 2697 509 2733 deficerent.
519 2695 651 2731 Deinde
668 2706 768 2742 quum
778 2695 812 2728 in
821 2691 904 2729 sacra
914 2695 1022 2731 Coena

186 2757 330 2783 mortem
350 2747 436 2781 suam
457 2743 541 2792 quasi
556 2742 590 2777 in
599 2740 729 2790 speculo
738 2752 813 2778 ante
828 2743 944 2778 oculos
956 2743 1022 2778 illis

184 2806 310 2843 ponere
319 2793 353 2828 in
363 2793 475 2828 animo
485 2790 702 2829 haberet‚non
711 2789 768 2825 abs
776 2802 810 2827 re
818 2790 936 2826 iterum
945 2790 1023 2827 testa

182 2853 235 2879 tus
243 2842 287 2878 est
299 2839 403 2877 seiam
414 2840 433 2876 ὲ
443 2839 566 2875 mundo
577 2838 861 2886 migrare.Caereru
871 2839 945 2887 quia
954 2841 1019 2887 ple¹

184 2903 246 2928 nus
255 2890 390 2927 tristitiae
401 2889 531 2924 nuntius
539 2897 619 2928 erat,
629 2899 707 2922 mox
714 2887 843 2923 additur
853 2886 1023 2931 cosolatio,

183 2952 253 2975 non
263 2939 325 2975 efl'e
334 2951 389 2974 cur
399 2939 505 2973 morte
513 2935 728 2982 exhorreant3‚
740 2936 792 2970 cui
800 2933 944 2971 suecedet
954 2949 1023 2971 me·-

185 2987 250 3024 lior
259 2989 337 3023 vita.
347 3000 382 3023 ac
391 2985 417 3021 -fi
427 2981 551 3022 dixisset
558 3005 570 3024 ‚
583 2985 682 3020 Nune
691 2981 823 3032 quidem
832 2983 872 3018 ad
881 2996 1022 3019 mortem

185 3046 329 3083 propero
338 3058 350 3074 ,
362 3033 415 3070 sed
426 3045 461 3070 vt
471 3033 548 3068 inde
556 3032 595 3067 ad
605 3030 732 3066 beatam
742 3030 1024 3069 immortalitatem

190 3083 422 3123 transeam‚nec
437 3080 523 3117 solus
537 3081 572 3115 in
582 3091 686 3127 regno
695 3079 764 3115 Dei
772 3076 911 3126 seorsum
920 3082 1023 3118 vistu-

187 3131 306 3169 rus‚sed
313 3143 371 3166 vos
381 3129 549 3165 habiturus
560 3126 726 3164 consortes
737 3126 880 3163 eiusdem
891 3128 1025 3174 xfritaeJta

187 3178 334 3213 videmus
341 3190 376 3214 vt
389 3191 485 3214 manu
504 3178 597 3213 ducat
619 3175 692 3211 suos
707 3173 881 3223 discipulos
902 3177 941 3212 ad
952 3189 1025 3212 cru-

190 3229 311 3264 eem2&
323 3227 398 3262 inde
407 3231 440 3262 in
449 3225 537 3273 spem
558 3223 802 3259 resurrectionis
812 3237 870 3260 eos
881 3225 1023 3261 extollat.

187 3271 278 3308 Sicut
285 3284 390 3309 autem
397 3273 474 3310 illos
483 3273 581 3322 dirigi
591 3273 630 3308 ad
637 3283 778 3308 mortem
789 3272 912 3309 Christi
923 3285 1024 3320 opor-

182 3320 294 3360 tuit,vt
303 3321 456 3366 perillam
466 3321 579 3357 scalam
590 3323 624 3357 in
632 3321 745 3356 telum
756 3319 1019 3359 ascenderentzita

181 3380 322 3407 nunc,ex
333 3381 399 3416 quo
409 3369 559 3406 Christus
578 3380 685 3404 morte
702 3366 871 3405 defunctus
888 3365 935 3403 est
943 3380 978 3403 ac
989 3368 1022 3402 in

182 3417 296 3454 eaelum
307 3417 484 3463 receptus&
495 3418 597 3453 crucis
607 3417 725 3452 intuitu
734 3417 770 3452 in
780 3417 890 3452 eaelum
904 3415 1020 3451 deduci

183 3477 248 3503 nos
254 3465 426 3506 cenauit,
435 3475 472 3502 vt
481 3464 566 3502 iuter
575 3463 609 3504 se
618 3463 799 3514 eahae-nt
807 3475 899 3503 mors
906 3467 941 3501 at
950 3463 1024 3500 vire

1859 141 1922 181 323

1090 194 1262 240 reparatim
1288 195 1390 236 Quod
1398 205 1503 231 autem
1515 206 1725 231 communem
1741 192 1806 229 illis
1822 194 1927 235 secum

1084 243 1223 289 gloriam
1234 244 1419 288 promittat,
1431 244 1513 278 clare
1524 256 1559 278 ex
1571 245 1677 279 verbis
1694 255 1780 290 patet
1789 266 1800 283 ,
1809 246 1917 279 Donec

1080 290 1182 325 hubam
1192 292 1268 324 illud
1277 304 1385 325 nouum
1396 292 1660 337 vobiscquod
1670 293 1913 328 veroobiiciunt

1081 338 1226 385 quidam,
1236 351 1302 373 non
1312 351 1493 387 congruere
1512 340 1621 376 cibum
1631 346 1663 377 ὅ(
1672 352 1785 389 potum
1805 353 1910 390 regno

1077 386 1314 426 Dei‚friuolum
1325 387 1380 423 est:
1390 388 1463 435 quia
1475 387 1558 423 nihil
1567 389 1653 425 aliud
1663 389 1816 436 intelligit
1826 390 1910 425 chri

1074 433 1138 470 stus
1149 436 1246 484 quam
1258 449 1333 472 mox
1341 437 1494 484 priuidos
1504 433 1574 471 fore
1584 436 1755 484 discipulos
1766 437 1818 473 sua
1827 450 1908 485 prae-

1074 480 1228 522 senriame
1239 483 1371 531 posthac
1381 497 1454 521 cum
1465 484 1530 519 illis
1540 484 1690 526 vescatur,
1699 487 1804 520 donec
1815 487 1906 522 simul

1073 528 1218 567 fruantur
1237 533 1302 568 vita
1311 533 1438 569 caelesti.
1448 536 1560 579 Qum
1569 533 1669 580 porro
1682 535 1748 568 eius
1758 535 1828 568 vitae
1838 547 1907 581 quae

1073 579 1138 614 eibi
1151 585 1184 616 δι
1194 591 1289 627 potus
1300 582 1504 618 adminiculis
1513 584 1559 616 ωὸ
1567 580 1693 629 indiget
1702 581 1835 617 societas
1845 596 1907 617 no·

1074 638 1293 668 retur‚nouum
1305 640 1381 665 tunc
1391 627 1464 666 fore
1471 630 1618 680 potionis
1626 642 1728 677 genus
1737 631 1906 678 dicit-Qa

1072 687 1155 710 voce
1164 676 1337 726 allegorice
1346 676 1449 725 ipsum
1458 679 1551 726 loqui
1561 679 1725 714 docemur.
1733 679 1811 713 ldeo
1822 679 1907 726 apud

1071 725 1191 759 Lucam
1202 724 1387 773 simpliciter
1397 727 1597 767 dicinDonec
1609 738 1714 762 vemat
1729 728 1820 775 regnfc'
1828 730 1905 763 Dei.

1071 774 1110 805 In
1122 771 1256 811 summa,
1265 773 1414 810 Christus
1432 775 1666 822 redemptionis
1684 777 1780 824 quam
1799 787 1907 811 morte

1072 817 1123 853 sua
1132 820 1410 865 peperit,fru6kum
1419 828 1452 859 δι
1467 822 1617 860 effectum
1629 823 1726 858 nobis
1737 836 1909 859 commen-
1949 839 1953 841 >

1073 866 1136 902 dat.
1147 869 1250 920 Qud
1267 868 1331 904 hoc
1345 871 1478 917 quidam
1499 882 1612 917 putant
1627 870 1716 906 fuiffe
1734 873 1907 918 impletum

1073 926 1202 961 quoties
1218 918 1385 952 Dominus
1395 919 1467 966 post
1478 919 1744 954 resurrectionem
1763 924 1803 954 cti
1811 920 1909 961 disci-

1072 963 1156 1009 pulis
1170 962 1232 998 suis
1242 965 1443 1006 comedit‚ab
1453 967 1522 1001 eius
1532 978 1641 1001 mente
1650 969 1789 1002 alienum
1800 971 1857 1003 est:
1867 971 1909 1004 ni

1052 1028 1055 1032 -
1073 1023 1173 1058 quum
1183 1012 1335 1048 illeinter
1355 1015 1501 1049 mortalis
1509 1016 1581 1049 vitae
1598 1015 1764 1050 cursum&
1775 1017 1906 1051 caelestis

1071 1060 1144 1094 vitae
1154 1071 1273 1096 metam
1283 1063 1410 1106 medius
1426 1062 1501 1098 effet
1512 1063 1697 1102 status‚tunc
1707 1066 1855 1098 nondum
1867 1077 1906 1111 pa

1070 1107 1224 1145 refacitum
1236 1122 1302 1145 erat
1312 1122 1449 1158 regnum
1460 1112 1544 1146 Dei:
1557 1112 1631 1147 ideo
1643 1116 1674 1148 δι
1689 1114 1795 1159 Mane
1814 1113 1906 1149 dice-

1069 1154 1222 1195 bat,Noli
1233 1171 1285 1193 me
1294 1170 1426 1208 tangere
1452 1173 1461 1194 τ
1485 1164 1559 1208 quia
1567 1162 1713 1195 nondum
1725 1160 1853 1196 ascendi
1863 1161 1904 1198 ad

1070 1206 1307 1242 Patrem.Adde
1317 1208 1407 1254 quod
1417 1211 1561 1244 nondum
1573 1207 1701 1258 ingreffi
1712 1220 1800 1243 erant
1811 1209 1906 1244 disci-

1071 1254 1139 1299 puli
1149 1254 1182 1287 in
1197 1266 1333 1303 regnum
1344 1256 1423 1296 Dei,
1433 1268 1466 1291 vt
1480 1259 1592 1292 vinum
1606 1270 1729 1292 nouum
1738 1270 1810 1293 cum
1822 1258 1906 1293 Chri

1071 1300 1121 1336 sto
1134 1301 1285 1338 biberent
1295 1303 1434 1339 eiusdem
1445 1305 1551 1353 glorie
1560 1306 1740 1353 participes.
1752 1309 1855 1350 Quod
1866 1319 1906 1341 au

1073 1358 1139 1384 tem
1150 1348 1263 1386 bibisse
1271 1350 1620 1399 postsesurrefitionem
1638 1353 1802 1389 Christum
1821 1356 1906 1402 legi-

1074 1409 1258 1445 mus‚quum
1268 1411 1375 1435 tamen
1384 1402 1418 1437 id
1429 1402 1458 1436 se
1467 1400 1622 1436 faciurum
1634 1402 1771 1450 negaffet
1784 1403 1841 1437 mii
1850 1404 1904 1438 di·

1074 1444 1204 1492 scipulis
1216 1448 1247 1482 in
1257 1460 1395 1530 repnum
1416 1450 1652 1485 ueiconeetis:
1670 1452 1764 1486 sicile
1773 1451 1905 1487 diluitur

1074 1496 1285 1544 repugnantig
1307 1498 1532 1546 pedes-neque
1549 1510 1636 1534 enim
1648 1499 1769 1546 precise
1780 1501 1820 1535 de
1827 1501 1905 1535 cibo

1073 1545 1107 1595 ὃς
1119 1554 1197 1588 potu
1208 1544 1417 1591 loquitur,sed
1427 1546 1466 1581 de
1474 1547 1546 1581 vitae
1563 1546 1721 1593 praesentis
1734 1548 1906 1583 consuetu-

1073 1589 1162 1625 dine.
1171 1594 1273 1628 Porro
1282 1592 1399 1628 scimus
1416 1605 1484 1628 non
1496 1595 1572 1629 ideo
1582 1606 1657 1630 tunc
1676 1595 1789 1631 bibifl'e
1806 1597 1907 1634 xhri-

1075 1638 1156 1673 stum
1167 1649 1202 1673 vt
1212 1641 1269 1675 vel
1281 1642 1444 1677 alimentis
1454 1642 1693 1679 vires-reficeret
1709 1667 1720 1683 ‚
1745 1646 1796 1680 vel
1805 1647 1838 1679 in
1850 1645 1907 1680 suo

1071 1687 1227 1722 conuictu
1236 1689 1390 1725 retineret
1398 1688 1637 1738 discipuloszsed
1646 1692 1772 1730 tannim
1784 1705 1818 1728 vt
1826 1707 1907 1740 pro-

1073 1732 1148 1769 bata
1161 1733 1212 1770 sua
1221 1735 1476 1783 resurreetione(
1481 1741 1570 1775 cuius
1581 1739 1780 1775 adhucerant
1799 1741 1905 1783 dubii)

1074 1795 1188 1820 eorum
1198 1797 1322 1822 mentes
1333 1786 1451 1822 sursum
1468 1787 1631 1824 eueheret.
1643 1790 1719 1825 Hoc
1730 1789 1836 1838 itaque
1845 1802 1905 1838 ge-

1074 1831 1178 1866 nuino
1188 1831 1275 1868 sensu
1287 1836 1433 1871 contenti
1443 1835 1550 1875 simus,
1559 1837 1648 1884 quod
1657 1839 1825 1872 Dominus
1844 1839 1906 1873 suis

1073 1877 1237 1927 discipulis
1246 1882 1528 1932 promittat,quum
1537 1884 1692 1920 hactenus
1702 1887 1848 1921 mortalis
1858 1886 1906 1930 ho

1074 1940 1132 1981 ino
1142 1940 1216 1963 curn
1228 1929 1294 1964 illis
1303 1930 1337 1965 in
1347 1942 1431 1966 terra
1441 1932 1557 1967 vixerit
1582 1954 1593 1971 ‚
1619 1932 1752 1980 posthac
1762 1933 1860 1969 beatae
1869 1933 1904 1969 δὲ

1073 1978 1269 2017 immortalis
1276 1977 1349 2013 virae
1357 1978 1462 2014 seeum
1472 1977 1544 2014 fore
1552 1978 1669 2015 socios.
1964 2022 1966 2025 v

1110 2034 1144 2067 ¹9
1178 2027 1259 2060 Luc.
1267 2026 1424 2074 ,Quodpro
1431 2026 1519 2062 vobis
1525 2027 1629 2061 datur.
1640 2029 1663 2070 )
1690 2027 1824 2075 Reliqui
1838 2027 1905 2063 duo

1074 2067 1157 2105 hanc
1165 2072 1352 2117 particulam
1362 2073 1518 2110 omittunt
1527 2096 1538 2115 ,
1560 2087 1631 2124 quae
1648 2085 1754 2110 tamen
1766 2076 1904 2111 minime

1073 2114 1262 2164 superuacua
1271 2119 1370 2156 est.n5
1378 2121 1453 2157 ideo
1462 2127 1525 2158 nfic
1536 2123 1627 2169 panis
1637 2123 1680 2157 est
1698 2124 1794 2159 nobis
1805 2125 1907 2160 Chri-

1074 2164 1112 2200 sti
1122 2178 1197 2201 caro
1204 2169 1399 2216 quoniamin
1409 2182 1444 2205 ea
1454 2170 1552 2205 nobis
1559 2169 1657 2206 semel
1666 2181 1752 2218 parta
1761 2172 1806 2207 est
1816 2171 1908 2206 salus.

1073 2212 1118 2248 Et
1126 2217 1403 2262 quemadmodum
1415 2219 1512 2254 nullis
1519 2219 1648 2266 prodest
1658 2233 1733 2255 caro
1744 2219 1808 2267 ipsa
1819 2222 1906 2256 cruci

1074 2260 1135 2315 ἣκει
1146 2261 1205 2297 nisi
1215 2264 1271 2310 qui
1281 2277 1351 2300 earn
1360 2264 1426 2301 fide
1444 2268 1621 2302 comeduut
1632 2281 1641 2301 ι
1652 2268 1693 2302 ita
1701 2268 1838 2303 viciffim
1849 2268 1907 2303 fri-

1073 2311 1148 2356 gida
1158 2307 1234 2345 esset
1243 2324 1277 2346 ac
1288 2313 1408 2348 nullius
1421 2311 1488 2350 fere
1507 2316 1665 2351 momenti
1687 2318 1906 2359 manducatio,

1073 2356 1131 2412 nisi
1141 2357 1287 2405 sacrificij
1297 2359 1392 2397 semel
1402 2361 1505 2397 oblati
1523 2361 1678 2409 respectu.
1715 2366 1804 2413 Ergo
1817 2364 1903 2412 quis-

1073 2416 1147 2453 quis
1156 2408 1288 2444 nutritii
1296 2407 1356 2444 fibi
1368 2408 1430 2446 effe
1439 2412 1525 2458 cupit
1535 2412 1657 2448 Christi
1668 2417 1761 2448 carne
1769 2436 1779 2453 ,
1789 2414 1903 2448 camin

1073 2466 1167 2490 cruce
1178 2454 1320 2494 oblatam
1329 2458 1509 2495 consideret
1519 2461 1673 2496 vtnostrae
1693 2475 1764 2496 cum
1777 2465 1852 2496 Deo
1868 2474 1902 2496 re

1072 2503 1312 2541 conciliationis
1320 2504 1396 2542 effer
1414 2509 1565 2555 pretium.
1584 2509 1744 2545 Caeterum
1758 2511 1847 2556 quod
1866 2510 1901 2544 in

1072 2551 1162 2598 panis
1170 2550 1316 2598 symbolo
1326 2554 1484 2592 subticent
1493 2556 1664 2592 Matthaeus
1674 2561 1706 2593 &
1723 2558 1902 2595 Marcusin

1072 2598 1171 2635 calice
1181 2601 1427 2646 exprimi'ittnem
1453 2617 1471 2640 e
1480 2606 1569 2652 quod
1579 2606 1684 2652 siguis
1699 2604 1736 2639 fit
1746 2606 1778 2638 in
1790 2605 1902 2639 remis-

1072 2645 1195 2682 sionem
1204 2659 1411 2694 peccatorum
1437 2653 1616 2688 undendus.
1637 2655 1715 2687 Haec
1725 2657 1803 2688 vero
1823 2664 1903 2688 nota

1071 2695 1110 2730 ad
1120 2706 1279 2744 vtrunque
1295 2699 1478 2735 membrum
1498 2701 1626 2734 extendi
1644 2700 1751 2734 debet.
1768 2701 1856 2748 Ergo
1868 2711 1904 2737 vt

1072 2743 1134 2778 rite
1145 2743 1267 2779 Christi
1276 2756 1372 2780 carne
1379 2747 1552 2793 pascamur,
1564 2746 1731 2794 spestanda
1740 2747 1840 2784 nobis
1857 2748 1903 2785 est

1072 2791 1140 2826 eius
1149 2791 1423 2841 immolatio,quia
1432 2793 1529 2830 semel
1538 2807 1598 2842 pro
1607 2794 1705 2832 salute
1714 2796 1822 2833 nostra
1831 2798 1902 2834 dari

1073 2840 1220 2886 oportuit
1230 2851 1263 2874 vt
1274 2841 1421 2887 quotidie
1432 2842 1530 2877 nobis
1540 2843 1644 2879 detur.
1705 2842 1710 2889 j

1096 2898 1137 2933 27
1154 2886 1372 2925 Matth.Bibite
1380 2902 1421 2925 ex
1431 2889 1486 2927 hoc
1493 2896 1617 2929 omnes.)
1628 2891 1715 2937 Qia
1724 2892 1847 2929 Christi
1859 2895 1901 2929 εὖ

1073 2935 1178 2971 filium
1196 2933 1364 2972 fuitfidem
1373 2937 1515 2974 nostram
1531 2938 1589 2974 fibi
1599 2951 1702 2977 totam
1719 2940 1905 2990 obstringe-

1073 2996 1120 3023 re,
1131 2985 1250 3032 nequid
1265 2995 1352 3020 extra
1361 2985 1462 3032 ipsum
1483 2988 1798 3033 quaeramus‚duobus
1820 2989 1905 3036 sym-

1074 3032 1160 3066 bolis
1170 3032 1268 3066 vitam
1283 3032 1425 3069 nostram
1442 3034 1475 3069 in
1487 3034 1519 3071 se
1542 3035 1693 3072 inclusam
1704 3035 1765 3072 effe
1775 3038 1904 3073 testatus

1073 3080 1257 3128 est-lndiget
1268 3093 1385 3130 corpus
1393 3081 1457 3118 hoc
1466 3084 1505 3119 ad
1523 3084 1694 3121 fouendam
1706 3090 1738 3121 δι
1749 3085 1905 3122 sustinen-

1073 3129 1145 3163 dam
1156 3127 1341 3176 vitam-cibo
1353 3134 1385 3166 δι
1397 3132 1639 3179 potu.Christus
1647 3144 1682 3169 vt
1692 3131 1722 3168 se
1731 3146 1828 3168 vnum
1842 3145 1907 3166 no·

1073 3176 1124 3210 bis
1146 3175 1186 3211 ad
1196 3175 1384 3224 praestandas
1392 3191 1509 3216 omnes
1527 3181 1632 3216 salutis
1642 3193 1745 3229 partes
1754 3182 1787 3214 in
1799 3180 1904 3216 solidi‘i

1072 3221 1216 3259 sufficere
1225 3223 1413 3265 doceat,fibi
1423 3228 1510 3264 vices
1520 3240 1615 3276 potus
1624 3242 1659 3265 ac
1670 3229 1732 3263 cibi
1743 3228 1904 3267 tribuit‚in

1073 3283 1139 3319 quo
1155 3272 1235 3306 mira
1257 3272 1326 3308 eius
1343 3275 1543 3324 indulgentia
1561 3278 1681 3311 relucet
1691 3299 1700 3314 ‚
1721 3279 1811 3323 quod
1828 3277 1906 3312 fidei

1073 3318 1188 3354 nostre
1215 3318 1381 3357 consulere
1401 3325 1516 3360 volens
1534 3347 1545 3363 ‚
1572 3325 1611 3358 ad
1637 3326 1784 3371 corporis
1800 3323 1903 3360 nostri

1071 3367 1243 3403 ruditatem
1265 3371 1309 3405 ita
1323 3366 1354 3406 se
1372 3372 1531 3407 demittat.
1551 3373 1630 3418 Qo
1648 3373 1752 3420 magis
1770 3372 1906 3408 detesta-

1071 3414 1146 3451 bilis
1156 3415 1200 3451 est
1211 3416 1361 3467 sacrilega
1380 3423 1469 3466 Papae
1479 3421 1626 3458 audacia»,
1636 3421 1692 3468 qui
1709 3419 1828 3457 sacrum
1839 3421 1906 3458 hoe

1072 3464 1243 3503 vinculum
1256 3478 1405 3514 rumpere
1415 3472 1460 3503 no
1470 3468 1640 3505 dubitauit.
1649 3469 1813 3507 Audimus
1822 3471 1907 3508 Filiii
