2310 3841
918 97 1320 149 COMMENT.

248 160 494 199 consentaneum
504 176 570 197 non
586 163 721 198 videtur.
733 175 805 196 nam
827 161 880 197 etsi
893 164 954 198 lioc
965 165 1005 198 ab
1016 177 1081 200 vno

245 222 298 245 aut
307 213 405 246 altero
419 212 571 258 scriptore
580 213 742 258 proditum
752 210 811 245 fuit
832 233 841 249 ‚
862 212 962 259 magis
973 224 1079 248 tamen

245 261 380 294 celebris
387 257 447 295 fuit
460 261 589 294 illorum
601 270 782 306 temporum
801 258 929 293 historia
941 261 1035 306 quam
1046 272 1079 297 vt
1092 278 1094 281 ·

244 308 432 342 miraculum
450 320 513 342 tam
534 307 654 355 insigne
671 309 764 341 taceri
792 308 930 353 potuerit
948 309 988 341 ab
1005 309 1076 343 aliis

243 357 410 400 permultis
425 356 629 403 quiaccurate
646 356 822 402 persequuti
843 353 988 403 sunt'quae
1004 368 1071 392 non

241 404 286 438 ita
298 416 475 438 memoratu
486 404 582 451 digna
593 414 690 438 erant.
698 404 792 438 Adde
801 403 888 449 quod
900 403 920 437 li
930 404 991 438 toti
1003 407 1073 439 msi-

239 453 286 486 clo
297 453 477 486 communis
487 450 590 486 fuuset‘
597 449 734 487 defectio
743 473 754 489 ,
763 452 836 497 quia
845 451 962 486 credita
971 448 1072 487 fuisset

235 499 519 538 naturalis,ihtiiius
529 500 698 534 bominum
708 497 828 532 sensum
838 497 972 546 fugisset.
997 501 1071 535 Sole

232 560 337 582 autem
349 549 424 582 alibi
438 547 734 596 fulgente‚tenebris
742 546 838 581 obrui
851 548 1070 586 ludaeaimma·

233 607 284 643 gis
293 597 436 631 notabile
446 596 503 631 fuir
513 596 708 644 prodigium.

269 649 315 687 46
352 647 443 680 Circa
452 645 552 680 horam
561 657 668 678 nonam
683 645 861 684 clamauit.)
873 644 1064 691 Qanquam

228 692 371 736 apparuit
380 692 509 740 plusqua
518 693 672 727 humanus
680 691 773 738 vigor
785 690 816 723 in
827 690 948 726 Christi
959 694 1064 726 clamo

228 751 398 777 re,certum
411 744 495 775 tame
509 741 552 775 est
566 740 764 775 vehementia
775 738 899 773 doloris
918 738 1061 775 illifuisse

227 788 363 834 exprclsu
370 803 412 822 ni.
424 789 464 823 Et
473 789 557 822 certe
566 788 616 821 hic
626 787 798 834 praecipuus
806 784 866 823 fuit
877 787 1059 826 conflietus,

226 834 421 870 &omnibus
431 837 501 870 aliis
515 834 685 870 tormentis
701 835 810 868 durior
820 856 831 872 ‚
850 835 939 882 quod
957 847 989 868 in
999 834 1060 869 suis

226 884 376 930 angustiis
393 886 473 919 adeo
489 885 609 917 leuatus
620 894 685 916 non
704 881 748 916 est
757 883 855 916 Patris
871 884 989 916 auxilio
1010 884 1060 918 vel

224 929 380 970 fauorem
392 931 419 965 se
432 932 673 978 quodammodo
684 932 821 964 alienum
833 928 972 964 sentiret.
988 933 1055 966 Ne·

224 990 286 1024 que
296 981 381 1013 enim
393 992 506 1024 corpus
523 977 624 1012 solum
643 979 676 1012 in
697 977 834 1023 pretium
853 978 966 1013 nostrae
984 991 1057 1013 cum

220 1028 296 1061 Deo
306 1027 576 1061 reconciliationis
585 1026 704 1060 obtulit
713 1048 722 1064 ‚
740 1025 792 1061 sed
803 1038 835 1059 in
846 1027 951 1061 anima
962 1028 1057 1062 etiam

218 1076 348 1121 pertulit
357 1075 476 1111 debitas
493 1076 586 1109 nobis
596 1087 704 1121 poenas
728 1088 737 1108 ι
761 1085 855 1120 atque
867 1075 909 1108 ita
928 1076 1001 1114 vere
1010 1074 1056 1109 fa-

67 1139 152 1171 1¹s1-55-
161 1150 202 1172 ,ᾧ
217 1125 285 1158 ctus
297 1123 339 1157 esi
353 1126 398 1157 vir
409 1123 651 1161 dolorum,licut
664 1122 772 1157 lesaias
784 1122 935 1174 loquitur.
949 1123 990 1157 Et
1001 1136 1053 1159 ve-

215 1173 254 1205 ro
266 1172 361 1206 nimis
381 1171 485 1207 insulsi
496 1172 565 1205 sunt
576 1175 628 1217 qui
650 1171 707 1205 hac
725 1171 956 1216 redemptionis
965 1183 1052 1217 parte

213 1218 394 1265 pustuabita
410 1243 420 1259 ,
446 1221 569 1255 tantuin
587 1221 619 1253 in
631 1231 763 1253 externo
782 1219 883 1252 carnis
897 1218 1051 1265 supplicio

210 1267 364 1303 influunt.
387 1282 458 1303 nam
470 1280 502 1303 vt
518 1280 577 1314 pro
588 1267 684 1302 nobis
703 1264 888 1303 satisfaceret
905 1269 1051 1302 Christus

208 1327 300 1350 reum
311 1319 347 1351 ad
359 1321 421 1351 Dei
434 1315 570 1350 tribunal
582 1315 642 1350 fisti
659 1314 815 1360 oportuit.
841 1314 933 1350 Nihil
944 1327 1048 1350 autem

209 1366 311 1412 magis
322 1365 479 1399 horribile
490 1364 584 1411 quam
598 1366 706 1398 Deum
715 1361 830 1398 sentire
840 1364 1046 1411 iudicemacu-

208 1411 258 1444 ius
268 1414 312 1447 ira
327 1425 446 1447 mortes
456 1424 571 1446 omnes
586 1410 810 1459 superat.Erg‹›
821 1424 919 1457 quum
931 1411 1047 1458 species

207 1461 371 1494 teudonis
381 1459 511 1496 Lhristo
525 1459 653 1493 obieeta
663 1459 718 1498 est,
735 1459 818 1506 quali
833 1470 905 1494 ⁴mco
917 1459 1046 1494 aduerso

207 1508 238 1540 iii
249 1508 320 1542 effer
330 1509 427 1542 exitio
439 1509 575 1542 deuotus
585 1530 595 1545 ,
610 1509 744 1541 horrore
753 1519 916 1554 correptus
925 1510 968 1542 est
978 1520 1044 1554 quo

207 1557 329 1588 centies
338 1557 445 1590 cuncti
457 1559 607 1596 mortales
616 1552 742 1588 fiiiffent
753 1554 905 1601 absorpti,
917 1555 979 1602 ipse
989 1569 1043 1589 au-

204 1612 269 1636 tem
281 1603 413 1638 mirifica
422 1604 553 1648 Spiritus
566 1604 682 1637 virtute
692 1603 796 1638 vietor
807 1602 945 1637 emersit.
970 1605 1043 1638 Nec

204 1653 282 1685 vero
293 1651 366 1686 ficte
375 1652 423 1685 vel
435 1651 588 1685 theatrice
606 1655 790 1697 toquentur
800 1650 830 1685 se
840 1650 856 1684 {i
867 1653 956 1686 Patre
966 1652 1042 1686 reli·

204 1700 303 1733 etam.
317 1700 356 1734 Et
367 1700 452 1744 quod
466 1701 612 1733 nonnulli
624 1712 660 1734 ex
674 1700 759 1746 vulgi
771 1700 928 1745 opinione
938 1699 978 1734 fic
988 1703 1039 1734 lo-

205 1759 338 1791 qunrum
350 1748 541 1785 obtendunt,
557 1748 726 1792 insipidum
738 1747 782 1782 est
792 1748 951 1782 cauillum.
964 1760 1038 1784 nam

200 1794 335 1829 interior
344 1796 440 1829 animi
452 1795 600 1831 moestitia
609 1796 640 1829 vi
650 1799 680 1830 δι
692 1796 804 1830 ardore
816 1794 870 1830 suo
881 1808 952 1830 eum
964 1809 1040 1830 coe-

200 1854 247 1887 git
259 1844 290 1876 in
303 1844 475 1878 clamorem
485 1856 661 1891 erumpere.
683 1845 756 1878 Nec
769 1843 890 1878 tantum
902 1845 1040 1878 ocularis

200 1889 259 1924 fuit
277 1893 457 1936 redemptio
475 1903 534 1936 qua
545 1888 711 1925 defunctus
727 1890 772 1925 est
782 1899 829 1933 (vt
848 1903 947 1937 nuper
957 1892 1037 1931 dixi)

200 1938 250 1971 sed
261 1950 293 1971 vr
308 1937 337 1971 se
347 1939 424 1972 vade
434 1950 491 1983 pro
502 1938 598 1973 nobis
607 1937 766 1971 obtulerat
775 1960 786 1975 ‚
795 1940 867 1972 vere
881 1941 943 1973 oei
953 1940 1036 1974 iudi-

203 1986 287 2019 cium
299 1985 400 2018 subire
412 1986 488 2019 loco
500 1983 610 2018 nostro
619 1984 795 2018 voluit.Sed
805 1984 972 2021 absurdum
985 1989 1036 2020 vi-

200 2033 304 2070 detur,
315 2032 446 2067 Christo
456 2032 588 2078 elapsam
601 2031 663 2067 esse
673 2029 900 2078 desperationis
908 2045 1033 2069 vocem.

199 2082 324 2115 Solutio
336 2079 437 2115 facilis
447 2080 490 2115 est
506 2104 516 2120 ‚
547 2092 725 2128 quanquam
734 2078 838 2115 sensus
847 2080 949 2114 carnis
967 2082 1033 2114 exi-

197 2128 278 2162 tium
287 2129 554 2176 apprehenderet,
573 2128 664 2162 fixam
686 2139 793 2163 tamen
813 2128 927 2163 stetisse
936 2127 1032 2163 fidem

198 2175 232 2209 in.
245 2180 314 2211 eius
324 2177 421 2212 corde
439 2189 499 2223 qua
512 2179 617 2210 Deum
639 2176 820 2223 praesentem
830 2176 963 2210 intuitus
975 2176 1030 2214 est,

164 2265 173 2268 Ὦ
197 2224 238 2258 de
249 2226 336 2260 cuius
347 2224 482 2258 absentia
493 2225 688 2270 toquentur.
700 2225 850 2259 Diximus
861 2223 936 2258 alibi
948 2236 1030 2271 quo-

196 2274 298 2305 modo
319 2274 431 2307 Deitas
451 2275 557 2308 locum
578 2271 698 2306 ‹effer-it
717 2274 818 2307 carnis
836 2271 1029 2310 infirmitati,

194 2331 348 2365 quatenus
357 2319 462 2354 salutis
475 2321 587 2354 nostrae
597 2319 787 2359 interfuit,vt
796 2332 908 2355 omnes
917 2321 1027 2354 redem

193 2369 293 2411 pruris
307 2379 410 2413 partes
420 2367 566 2404 Christus
578 2366 922 2413 impleret.Distrimen
932 2369 1027 2403 etiam

191 2417 372 2450 notauimus
383 2418 464 2450 inter
475 2428 588 2451 naturae
599 2416 717 2450 sensum
730 2419 761 2450 &
770 2415 846 2451 fidei
863 2415 1025 2452 notitiam.

191 2474 287 2509 quare·
308 2463 386 2499 nihil
405 2463 508 2501 obstat
523 2464 698 2510 quominus
717 2463 781 2497 Dei
796 2462 1024 2498 alienationem

191 2524 299 2545 niente
310 2513 493 2557 conceperit
502 2512 580 2546 Chri
586 2511 646 2546 stus
655 2519 753 2556 prout
763 2510 865 2546 sensus
873 2523 1024 2545 commu-

189 2560 240 2592 nis
252 2559 435 2599 dietaban&
447 2559 468 2594 fi
485 2563 538 2593 nul
548 2558 610 2596 fide
619 2559 785 2593 retinuerit
796 2564 902 2594 Deum
911 2557 1024 2596 sibies-

188 2606 220 2640 se
230 2608 414 2653 propitium.
451 2608 551 2653 Qod
571 2607 639 2642 satis
651 2607 731 2643 clare
749 2617 834 2653 patet
845 2619 881 2640 ex
897 2606 1024 2642 <luobus

183 2656 395 2700 querimoniae
413 2655 577 2691 membris.
590 2668 662 2689 nam
679 2666 846 2700 antequam
870 2655 1024 2688 tentatio-

186 2715 261 2737 nern
274 2701 583 2748 exprimat‚praefatur
592 2701 621 2737 se
632 2703 669 2737 ad
688 2705 762 2737 Dei'i
772 2701 945 2748 confugere
954 2714 1020 2737 tan-

186 2763 281 2797 quam
295 2754 401 2786 Deum
411 2750 498 2786 suum
518 2772 530 2788 ‚
551 2761 645 2795 atque
661 2751 704 2784 ita
713 2751 824 2795 clypeo
835 2749 911 2784 fidei
925 2749 1020 2786 forti·

186 2810 235 2833 ter
253 2799 379 2844 repellit
395 2799 482 2832 illam
502 2808 571 2846 quae
587 2798 617 2832 se
636 2812 671 2832 ex
688 2797 835 2843 opposito
854 2797 1019 2845 ingerebat

184 2847 405 2882 dereli&ionis
414 2846 560 2892 speciem.
580 2848 733 2893 Denique
752 2846 782 2878 in
794 2845 856 2880 hoc
865 2846 937 2880 diro
948 2859 1018 2881 cru-

185 2895 267 2930 ciatu
279 2894 368 2930 illaesa
379 2892 436 2928 fuit
447 2895 513 2928 eius
524 2893 602 2931 fides
621 2907 629 2929 τ
647 2905 679 2927 vt
689 2892 716 2926 se
726 2894 872 2929 relietum
892 2894 952 2929 effe
962 2896 1017 2929 de-

184 2944 311 2990 plora-:is
321 2967 332 2981 ,
349 2943 532 2989 propinquo
551 2938 658 2976 tamen
671 2943 734 2976 Dei
745 2943 861 2976 auxilio
871 2942 1017 2977 confide-

185 2988 356 3027 remorre>
366 3003 479 3026 vocem
493 2990 572 3024 hanc
584 2991 615 3023 in
624 2989 735 3034 primis
749 3001 859 3024 notatu
870 2987 957 3024 fuisse
967 2992 1016 3024 di-

187 3047 281 3083 gnam
292 3041 367 3074 hinc
377 3039 606 3085 apparentium}
615 3038 748 3082 Spiritus
756 3035 955 3085 sanstus‚qud
963 3051 1015 3073 me

187 3086 247 3120 lius
257 3099 324 3121 eam
334 3086 521 3132 insculperet
531 3086 699 3120 bominum
710 3086 883 3124 memoria,
894 3087 1015 3133 Syraica

185 3131 292 3178 lingua
305 3132 412 3170 referri
431 3135 543 3168 voluit.
561 3146 633 3167 nam
651 3133 713 3167 hoc
731 3133 861 3174 perinde
879 3133 922 3168 est
931 3157 942 3173 ,
957 3133 1014 3169 acsi

185 3178 348 3219 Christum
360 3182 468 3217 eadem
481 3195 548 3229 quae
557 3193 632 3215 tunc
643 3193 700 3214 ore
715 3179 769 3214 suo
781 3183 913 3227 protulit
921 3182 1016 3216 verba

189 3227 372 3263 recitantem
383 3231 638 3267 induceretho
649 3229 770 3261 turninr
780 3229 822 3262 est
836 3242 946 3264 eorum
964 3229 1011 3263 so-

188 3275 296 3314 cordia
306 3278 356 3321 qui
367 3289 482 3311 tantam
500 3277 619 3313 Christi
631 3276 810 3310 moestitiam
821 3282 850 3312 δι
863 3281 893 3312 τέ
909 3278 1012 3313 dirum

188 3326 307 3367 pauore
315 3324 397 3370 quasi
405 3337 459 3370 per
468 3326 574 3359 iocum
583 3324 693 3359 leuiter
703 3336 898 3369 praeter-eunt.
914 3324 1012 3369 Qis-

188 3371 259 3415 quis
286 3383 389 3405 autem
409 3384 529 3415 reputat
547 3373 603 3407 hac
627 3374 697 3418 lege
715 3371 883 3417 susceptam
898 3371 984 3405 fuifle
993 3373 1010 3406 ὲ

187 3417 318 3453 Christo
327 3419 508 3457 mediatoris
516 3419 682 3467 personam
697 3432 730 3455 vt
737 3432 857 3457 reatum
868 3418 1009 3456 nostrum

1130 177 1195 220 tam
1204 167 1237 222 in
1247 168 1353 222 anima
1365 169 1459 218 quam
1469 169 1502 206 in
1516 185 1652 222 corpore
1661 173 1857 214 subiret‚n0n
1868 186 1962 219 mira-

1131 214 1274 268 b¹¹⁰f¹¹¹¹
1291 228 1450 253 certamen
1467 220 1555 256 fiiille
1571 236 1643 258 cum
1657 226 1769 259 mortis
1785 226 1964 270 doloribus,

1129 268 1212 308 quali
1229 265 1306 298 Deo
1316 266 1397 301 irato
1407 268 1440 302 in
1458 269 1673 317 labyrinthum
1685 274 1842 309 malorum
1859 277 1965 321 proie-

1130 311 1199 344 ἃυε
1209 309 1303 346 foret.

1161 370 1208 403 47
1232 361 1332 395 eliam
1340 372 1429 396 vocat
1439 364 1613 410 isse.))Qi
1625 366 1687 402 hoc
1697 369 1734 402 ad
1749 370 1868 403 milites
1876 369 1960 404 refe-

1124 411 1300 460 runtrudes
1310 411 1341 443 δι
1358 409 1487 456 ignaros
1495 415 1623 459 Syraicae
1633 416 1748 462 linguae
1759 439 1768 455 ‚
1785 419 1958 453 &iudaicae

1123 455 1275 503 religioni
1285 468 1353 490 non
1362 457 1508 498 assuetos,
1517 459 1667 497 falluntur
1677 477 1751 498 meo
1762 465 1957 512 iudicio.pu-

1122 511 1189 535 tant
1198 505 1285 538 enim
1295 503 1506 542 hallucinatos
1527 507 1614 543 fuisse
1625 511 1656 544 in
1667 524 1784 547 vocum
1793 512 1958 549 similitudi

1117 560 1170 584 ne.
1182 552 1281 601 litqui
1293 553 1372 587 mihi
1384 556 1474 589 nullo
1491 558 1591 592 niodo
1602 559 1771 603 probabile
1782 560 1826 595 est
1835 560 1959 596 inscitia

1116 597 1237 644 elaplos
1246 600 1384 648 esse‚qiii'i
1395 604 1501 647 potius
1512 604 1583 640 data
1592 618 1688 653 opera
1700 608 1830 642 Christo
1839 609 1956 644 illude-

1114 657 1150 680 re
1158 668 1168 684 ,
1179 651 1209 681 δι
1222 649 1415 684 calumniose
1424 663 1604 697 peruertere
1625 655 1692 690 eius
1702 656 1883 692 orationem
1890 657 1952 693 sta-

1114 704 1215 729 tutum
1228 693 1332 732 fuerit.
1357 700 1456 734 Nulla
1466 702 1552 735 enim
1563 702 1601 736 ad
1611 700 1860 740 labefactandam
1878 707 1953 752 pio-

1111 753 1181 799 rum
1193 740 1323 796 salutem
1333 747 1436 793 aptior
1447 750 1571 785 Satanae'
1583 751 1727 786 machina
1738 751 1782 787 cst
1791 754 1886 800 quarn
1896 754 1951 790 vbi

1111 802 1129 822 a
1137 791 1203 841 Dei
1213 793 1423 830 inuocatione
1432 796 1516 842 ipsos
1525 800 1665 844 depellit.
1684 804 1795 848 ltaque
1804 801 1876 836 suos
1886 804 1949 837 mi-

1110 835 1228 872 nistros
1248 852 1400 886 quantum
1409 845 1512 888 potest
1521 846 1582 880 huc
1598 847 1736 893 impellit
1757 860 1790 885 vt
1799 851 1949 895 precandi

1108 881 1257 936 affectum
1268 889 1364 924 nobis
1374 893 1571 928 excutiat-Sic
1581 894 1700 942 impios
1710 897 1829 932 Christi
1841 898 1950 935 hostes

1110 934 1239 978 impulit
1255 945 1292 969 vt
1307 941 1458 981 proterue‘
1474 942 1542 974 eius
1559 945 1778 988 precationem
1798 948 1830 980 in
1850 947 1947 983 risum

1109 986 1461 1036 conuerterentsvolens
1479 987 1542 1022 hoc
1554 990 1690 1025 artificio
1701 1005 1773 1028 eum
1783 997 1948 1041 praecipuis

1107 1039 1202 1082 armis
1211 1028 1399 1076 spoliare-Et
1408 1036 1493 1071 certe
1500 1035 1565 1070 haec
1575 1040 1749 1074 admodum
1759 1043 1864 1090 grauis
1874 1055 1947 1078 ten-

1108 1085 1187 1110 tatio
1197 1078 1243 1113 est
1252 1100 1264 1117 ‚
1282 1082 1357 1130 dum
1368 1081 1512 1119 videmus
1529 1095 1650 1120 tantum
1660 1088 1763 1122 abess‘e
1772 1090 1789 1123 a
1799 1091 1946 1135 profeffli

1105 1134 1140 1158 vt
1149 1129 1240 1160 Deus
1255 1131 1378 1168 nomen
1391 1130 1478 1167 suum
1497 1134 1602 1178 potius
1613 1135 1798 1180 opprobriis
1807 1150 1944 1185 exponat

1104 1173 1197 1217 quani
1209 1175 1237 1209 se
1245 1174 1388 1228 ostendat
1398 1180 1481 1215 voiis
1495 1180 1608 1216 nostris
1626 1185 1815 1230 propitium.
1853 1188 1944 1222 Tan-

1104 1222 1235 1275 tundem
1246 1224 1345 1270 igitur
1355 1227 1452 1261 valuit
1463 1228 1525 1264 haec
1534 1229 1636 1264 ironia
1649 1234 1697 1266 vel
1709 1235 1840 1269 caninus
1850 1236 1945 1270 latra-

1102 1274 1223 1304 tumen
1238 1272 1399 1320 negassent
1417 1275 1547 1311 christo
1559 1281 1729 1327 quicquam
1743 1282 1803 1316 effe
1814 1283 1939 1331 negotii

1100 1325 1172 1351 cum
1183 1321 1272 1358 Dee,
1288 1322 1376 1367 quod
1385 1323 1489 1359 Eliam
1500 1326 1676 1371 implorans
1686 1328 1720 1362 in
1729 1330 1814 1372 aliud
1823 1332 1941 1378 asylum

1101 1360 1132 1398 se
1142 1365 1312 1405 conferret.
1324 1370 1374 1405 Sic
1388 1373 1533 1408 videmus
1545 1377 1633 1409 nmini
1646 1389 1682 1413 ex
1691 1387 1778 1423 parte
1787 1378 1875 1416 fuiss'e
1883 1393 1939 1415 ve·-

1099 1422 1205 1448 xatnm
1229 1437 1246 1469 ,ἱ
1267 1428 1299 1450 vt
1308 1418 1528 1465 desperatione
1547 1423 1680 1458 obrutus
1695 1425 1736 1460 ab
1753 1427 1938 1465 inuocando

1097 1460 1444 1516 Deoablisterettquod
1456 1481 1520 1504 erat
1529 1469 1616 1505 saluti
1628 1475 1818 1510 renuntiare.
1831 1478 1938 1511 Caete-

1096 1518 1168 1541 rum
1184 1510 1204 1543 fi
1215 1510 1315 1554 hodie
1333 1525 1397 1548 tam
1408 1518 1598 1563 conductitii
1617 1521 1806 1558 Antichristi
1824 1524 1937 1561 tabulae

1097 1556 1191 1613 qufini
1203 1559 1369 1597 domestici
1381 1564 1475 1599 etiam
1486 1566 1764 1618 nebulones,quea
1777 1572 1873 1607 nobis
1883 1586 1934 1609 re.

1095 1605 1146 1639 ἃς
1156 1605 1239 1658 dista
1248 1606 1336 1648 sunt,
1355 1609 1416 1647 suis
1425 1613 1592 1650 calumniis
1607 1616 1740 1664 indigne
1751 1620 1934 1665 deprauant,

1093 1661 1136 1684 ne
1147 1665 1300 1690 miremur
1316 1657 1402 1692 idem
1413 1660 1510 1696 nobis
1519 1664 1606 1709 quod
1624 1667 1718 1710 capiti
1732 1668 1842 1703 nostro
1852 1670 1936 1704 acci-

1093 1700 1331 1753 dereQianuis
1349 1710 1434 1741 tame
1447 1713 1552 1743 Deum
1563 1711 1593 1744 in
1605 1712 1709 1748 Elian}
1721 1716 1936 1765 transfiguret,

1091 1746 1147 1780 vbi
1157 1760 1217 1795 pro
1225 1750 1275 1786 fua
1288 1752 1426 1790 libidine
1437 1769 1496 1792 nos
1505 1757 1774 1801 substunauerfflr,
1790 1766 1934 1801 exaudiet

1090 1800 1220 1832 tandem
1233 1801 1323 1854 Deus
1331 1804 1470 1850 gemitus
1479 1805 1625 1845 nostros,
1638 1806 1809 1856 se'quedtum
1825 1814 1933 1848 vindi-

1091 1855 1160 1878 cem
1174 1848 1285 1891 gloriae
1300 1848 1359 1884 suae
1368 1851 1535 1894 ostendet,
1555 1866 1624 1892 tum
1642 1857 1775 1904 impurae
1789 1857 1930 1899 falsitatis

1090 1892 1240 1930 vitorem.

1102 1985 1109 1992 ·
1141 1942 1185 1980 48
1220 1945 1262 1976 Et
1270 1942 1404 1980 continub
1412 1959 1539 1982 currens
1547 1954 1662 1993 vnus.)
1671 1952 1759 1988 Hinc
1769 1955 1925 2000 probabi-

1086 1986 1126 2019 lis
1137 1989 1319 2039 coniectura
1330 1993 1454 2029 elicitur
1477 2017 1488 2034 ,
1513 2008 1612 2042 quum
1635 1997 1730 2033 semel
1743 2011 1857 2045 potum
1875 2016 1923 2037 re-

1086 2032 1211 2078 spuisset
1222 2038 1515 2077 christusffubinde
1525 2045 1671 2090 molestie
1681 2047 1767 2084 causa
1777 2047 1864 2085 fuisse
1873 2051 1921 2085 illi

1084 2081 1244 2118 oblatum.
1282 2087 1473 2134 anuam
1485 2089 1575 2124 fimul
1593 2092 1762 2129 verisimile
1771 2096 1815 2131 est
1825 2098 1921 2133 initio

1083 2131 1267 2183 porrecssum
1281 2133 1426 2170 illi'fuiffe
1435 2136 1470 2170 in
1479 2138 1576 2172 calice
1584 2151 1706 2175 acetum
1716 2164 1727 2181 ‚
1746 2156 1916 2192 antequam

1082 2185 1116 2209 in
1127 2174 1261 2231 sublime
1270 2180 1370 2217 elatus
1378 2182 1452 2218 esset
1461 2206 1472 2222 2
1481 2186 1587 2230 postea
1597 2189 1757 2225 admoram
1771 2195 1819 2228 ori
1829 2193 1917 2230 fuiffe

1081 2222 1359 2275 spongiani,quum
1370 2231 1432 2265 iam
1443 2237 1595 2277 penderet
1608 2236 1639 2268 in
1652 2249 1754 2272 cruce.

1103 2318 1108 2322 .
1113 2275 1152 2316 36
1175 2275 1636 2326 Mare.Dieens‚Sin1ee.)roi
1649 2284 1694 2318 hi't
1708 2288 1838 2322 Marcus
1849 2300 1914 2324 tra-

1077 2316 1277 2356 dit,miiitem
1288 2335 1411 2358 acetum
1423 2328 1620 2374 porrigendo
1630 2330 1914 2375 dixisse.Sinite‚vi—

1076 2363 1451 2421 deaiiius‚&c.Matthaeus
1461 2379 1539 2410 vero
1548 2374 1723 2413 sermonen
1738 2382 1811 2418 hinc
1822 2396 1912 2420 caete—

1075 2414 1318 2469 risattribuir‚in
1330 2432 1369 2454 eo
1380 2421 1459 2456 nihil
1471 2422 1514 2456 est
1523 2437 1747 2470 repugnantias.
1760 2433 1844 2466 Nam
1857 2446 1910 2468 ve-

1073 2460 1204 2519 risimile
1214 2464 1258 2498 est
1265 2465 1304 2500 ab
1316 2480 1380 2502 vno
1393 2469 1519 2516 coepiiie
1535 2472 1808 2513 subsannationem
1819 2502 1827 2516 ‚
1839 2493 1906 2526 quae

1073 2508 1114 2564 ab
1124 2511 1194 2565 aliis
1203 2515 1318 2560 cupide
1327 2528 1451 2562 excepta
1463 2519 1635 2556 clamorem
1655 2524 1738 2558 inter
1748 2538 1860 2561 omnes
1872 2541 1908 2564 ex

1072 2561 1385 2614 citauitdtayerbum
1397 2566 1525 2606 Sinere‚
1545 2579 1612 2602 non
1632 2570 1677 2604 est
1694 2571 1904 2617 prohibentis,

1071 2603 1123 2659 sed
1134 2608 1284 2665 ¹3³dx⁶¹¹<t¹.⁵·
1309 2611 1398 2657 Ergo
1408 2614 1462 2660 qui
1473 2615 1593 2660 primus
1610 2617 1772 2654 Christum
1786 2623 1904 2663 derisit,

1070 2663 1193 2709 ironice
1202 2667 1327 2691 Vicinos
1337 2663 1530 2705 compellans
1539 2686 1548 2700 ‚
1557 2664 1778 2710 Expectemus,
1791 2671 1904 2716 inquit,

1070 2715 1108 2737 an
1120 2714 1223 2738 veniat
1232 2704 1326 2743 Elias.
1343 2709 1489 2742 Protinus
1498 2709 1618 2757 sequuti
1628 2713 1696 2747 sunt
1706 2715 1767 2758 aiij.
1780 2720 1809 2750 ἃ
1820 2718 1903 2764 quis-

1069 2762 1132 2803 que
1149 2751 1298 2797 proximo
1315 2753 1371 2787 suo
1388 2757 1521 2792 eandem
1539 2759 1727 2794 cantilenam
1746 2765 1899 2802 occinuitz

1070 2810 1103 2832 vt
1113 2800 1178 2832 heri
1192 2798 1270 2833 solet
1279 2800 1311 2833 in
1322 2813 1435 2835 mutuo
1445 2802 1607 2837 consensu.
1630 2809 1701 2842 Nec
1712 2810 1831 2846 veroin
1842 2827 1899 2849 nu,

1069 2858 1158 2880 mero
1175 2847 1287 2893 plurali
1298 2848 1348 2882 vel.
1366 2848 1512 2896 singulari
1530 2850 1732 2890 insistendum
1751 2858 1812 2894 est:
1823 2862 1897 2908 quia

1067 2896 1252 2928 tantundem
1263 2897 1344 2930 valet
1355 2897 1428 2930 Sine
1440 2899 1526 2942 quod
1536 2899 1635 2935 Sinite
1644 2916 1652 2934 :
1661 2904 1730 2938 vice
1746 2907 1831 2942 enim
1843 2910 1894 2944 in-

1067 2943 1264 2978 teriectionis
1281 2942 1418 2989 positum
1436 2944 1481 2982 est
1490 2946 1624 2982 verbum
1635 2971 1645 2988 ,
1663 2950 1721 2986 acfi
1739 2953 1894 2996 dixissent,

1065 2989 1140 3028 st9st·

1109 3050 1148 3083 50
1186 3036 1408 3085 Matth.Qum
1415 3043 1524 3076 iterum
1539 3042 1720 3091 clamaffet.)
1729 3052 1829 3086 Lucas
1839 3053 1893 3099 qui

1064 3087 1177 3130 prioris
1186 3085 1394 3131 querimoniae
1403 3100 1468 3122 non
1487 3092 1652 3130 meminit,
1662 3094 1754 3132 huius
1763 3097 1890 3134 secundi

1066 3134 1210 3167 clamoris
1219 3132 1312 3166 verba
1323 3136 1432 3170 recitat
1442 3158 1452 3175 ,
1470 3149 1536 3183 quae
1546 3139 1712 3176 Matthaeus
1722 3147 1890 3181 &¹Marcus

1064 3182 1352 3225 praerereuntDicit
1362 3194 1463 3218 autem
1475 3186 1517 3219 cla
1525 3187 1614 3221 umil'e
1623 3211 1633 3226 ‚
1645 3192 1736 3225 Pater
1744 3197 1774 3226 in
1784 3207 1888 3227 manus

1063 3239 1128 3261 tuas
1143 3228 1308 3280 cqmmendo
1323 3229 1464 3277 Spiritum
1473 3246 1570 3268 meum
1589 3248 1597 3267 τ
1616 3249 1680 3282 quo
1698 3235 1888 3281 testatus'est„

1062 3286 1194 3320 quanuis
1203 3276 1321 3311 duriter
1331 3279 1491 3314 concussus
1500 3282 1571 3316 ess'et
1582 3283 1730 3319 violentis
1738 3291 1886 3324 tentario-

1059 3321 1229 3360 nibuafide
1238 3334 1342 3359 tamen
1352 3322 1581 3366 suainminiine
1596 3328 1683 3364 fuifl‘e
1696 3336 1885 3376 concussam,

1058 3367 1108 3422 sed
1119 3367 1175 3404 suo
1184 3370 1259 3406 loco
1265 3369 1387 3418 semper
1396 3374 1546 3411 inuictam
1566 3375 1689 3412 stetifle.
1724 3384 1841 3420 Nullus
1851 3399 1884 3420 e-

1057 3428 1125 3453 nim
1136 3418 1251 3455 clarior
1259 3421 1311 3470 agi
1326 3423 1431 3469 potuit
1439 3424 1616 3471 triumphus
1633 3427 1726 3471 quarn
1739 3431 1814 3468 dum
1831 3435 1865 3469 in
1877 3457 1881 3462 ‚

1591 3483 1613 3518 g
1624 3484 1644 3519 g
1680 3486 1724 3521 ²¹¹2

1166 3568 1173 3581 9
