2310 3841
135 201 554 231 CtRCv‘NFvl-Gvfihv'·
572 202 615 229 Η·
639 201 736 241 eum.)
765 200 914 239 Qianon
926 199 1012 232 facile
1024 204 1084 232 erat
1099 208 1210 233 tantam
1223 199 1269 242 sui.
1469 236 1472 241 .
1516 223 1519 225 .
1752 176 1806 217 77

101 255 149 276 ces
159 247 285 284 impetus
294 265 304 278 ,
314 253 374 274 tam
385 252 492 274 caecum
503 243 584 282 praui
595 242 652 273 zeli
665 242 814 275 feruorem
827 245 922 277 sedare
935 267 944 280 ,
954 245 1098 276 cohibere
1120 243 1254 285 denique
1275 238 1342 286 {ham
1354 229 1477 268 ddmaoe
1489 256 1498 270 ‚
1508 231 1710 281 frangeretam
1729 229 1806 262 fero-

48 294 52 301 “
67 287 77 308 ”>
101 291 157 321 ruit
166 287 314 319 Christum
325 286 479 319 maiestatis
487 285 539 317 fut
548 285 659 328 signum
672 287 792 329 aliquod
805 289 873 320 dare
884 311 893 325 ,
904 291 978 320 vnd·
993 289 1113 322 sentiret
1125 287 1232 318 Paulus
1243 299 1308 320 cum
1317 282 1383 324 pam
1404 278 1546 311 cffraenem
1565 276 1686 308 bestiam
1699 287 1704 306 :
1715 285 1805 326 opor„

100 345 139 367 ne
149 331 285 367 mortali,
297 331 350 363 sibi
361 328 416 363 esse
426 332 593 372 negotium.
603 341 768 373 quanqiiim
781 333 842 363 eius
853 334 1028 364 humiliandi
1040 334 1138 364 habita
1154 331 1210 364 fuit
1227 334 1301 365 rat-io
1313 356 1320 369 ‚
1331 324 1416 376 qiips‘)
1426 347 1434 361 ³
1446 334 1506 355 ¹¹0⁰
1517 332 1615 354 amem
1628 330 1695 352 (⁰¹¹¹
1706 320 1804 369 hom,-

97 377 222 419 Spiritus
233 373 272 407 sui
283 377 355 419 iugo
363 375 397 407 ad
406 373 581 417 obsequium
591 375 685 406 statim
694 374 879 408 assuefaceret
888 378 1020 409 Christus
1028 400 1037 413 ,
1049 387 1082 409 at:
1092 387 1140 410 vix
1150 386 1239 417 capax
1248 370 1518 418 erat-tant''allsllgnus
1534 376 1594 418 {¹3²
1612 374 1702 407 ‘luem
1725 363 1803 412 [ΨΜ

94 422 191 454 lenter
201 419 287 452 frasta
297 419 365 455 esset
374 420 562 452 truculentia.
583 423 652 451 Non
663 421 758 460 potest
768 422 888 463 quidem
900 423 1030 454 diuinam
1045 422 1154 454 Christi
1164 421 1288 464 gloriam
1299 445 1307 458 ‚
1319 411 1599 465 qtialisQlue‘u‘l‘uls
1611 433 1620 445 ²
1632 409 1728 440 donec
1738 418 1802 438 vm*

95 465 158 498 sus:
171 466 270 497 verum
280 463 361 496 sicuti
373 467 455 495 Deus
464 463 573 496 formas
581 463 649 506 saepe
660 465 772 506 induit,
786 467 894 506 quibus
905 466 931 498 se
943 466 1140 498 manifestaret
1151 487 1160 500 ,
1172 476 1208 496 ira
1219 475 1298 498 nunc
1309 468 1442 499 Christus
1453 452 1803 530 ffiffl'e‘ess‘t’xss‘x'gssffi

1567 546 1608 586 pij
1617 543 1652 574 ad
1661 544 1718 573 Dei
1730 550 1804 572 con-

1567 588 1731 619 ·›otentiam
1748 584 1804 616 sibi

95 511 197 542 testati
208 509 275 542 fecit
286 531 295 544 ,
305 521 337 540 ac
346 507 500 550 praese'ntiae
508 509 628 552 quidem
638 507 846 550 sitatspeciriien
857 512 917 543 edit
929 513 1023 554 ‚quod
1035 512 1126 542 Paulo
1136 520 1281 543 tei-rorem
1292 512 1445 544 incuteret.
1457 501 1563 547 Nasllffl

93 553 376 597 speetumtrepidant
386 577 395 591 ,
405 554 526 585 Paulum
535 564 631 586 tamen
641 552 731 596 longe
749 554 832 585 aliter
851 555 1042 598 expauescere
1054 555 1204 598 oportuit,
1215 565 1306 596 quum
1324 558 1454 589 diuinam
1474 544 1554 591 Chi-s!

95 601 243 632 aduersam
256 599 385 629 sentiret.

126 658 144 681 4
178 647 280 684 Itaque
290 642 361 674 dicit
372 645 463 674 Lucas
473 663 483 678 ,
494 653 512 672 c
524 651 672 672 nctolssa
686 641 831 674 interram
844 665 852 680 ,
865 643 935 686 quid
947 643 1026 675 enim
1036 646 1170 679 accidere
1181 647 1295 678 homini
1316 644 1395 677 aliud
1416 645 1513 686 potest
1525 670 1534 683 ‚
1544 648 1631 690 quim,

94 692 127 721 δε
137 687 230 729 prope
238 689 266 717 i'ii
281 688 407 718 nihilum
417 687 551 719 redactus
559 687 650 717 iaceat
659 705 668 719 ‚
681 693 772 728 quum
782 689 910 729 praesenti
921 689 1019 731 gloriae
1029 691 1086 719 Dei
1097 690 1176 723 sensu
1187 692 1343 723 obruitur?
1355 695 1421 721 Hoc
1429 695 1529 722 autem
1542 692 1568 722 iii
1587 670 1804 724 Ριιυίις’·’ῃῖῗδίῖυ8

93 734 183 764 tionis
193 732 371 773 piincipiuiii
380 730 434 762 fuit
444 753 454 766 ‚
465 741 497 762 vt
505 730 611 761 docilis
628 729 698 762 esset
717 731 753 762 ad
764 732 938 764 audiendam
951 732 1058 764 Christi
1071 745 1176 766 vocem
1188 759 1197 773 ,
1208 745 1294 778 quam
1305 733 1428 766 fastuose
1438 746 1516 776 equo
1528 719 1803 778 insidens,sp‘tm¹l¹²‘

99 798 102 800 ,
125 779 143 808 S
157 789 172 805 Α
186 788 203 807 v
215 787 231 806 ι,
242 796 252 810 ,
273 789 284 807 s
300 787 314 805 ii
329 787 345 807 v
359 777 400 815 ι.)
437 779 542 806 Locem
554 784 616 816 quae
624 775 744 805 Paulum
756 776 888 818 vndique
898 776 1019 813 inuasit,
1030 781 1120 810 Lucas
1130 790 1280 821 comparat
1291 778 1398 821 fulguri
1410 802 1418 814 ,
1429 781 1477 810 etsi
1489 792 1548 811 non
1561 781 1667 812 dubito
1678 804 1684 816 ‚
1694 763 1805 823 qu'kats‘

91 832 174 864 getffi
185 822 213 851 5ss
227 821 292 851 Mire
305 820 502 851 Volitauerln‘·
523 821 590 849 ΗΝ
598 828 695 849 autem
707 830 764 850 vox
775 830 860 860 quam
873 823 905 851 :id
915 819 1017 862 fastum
1027 822 1104 853 illius
1114 824 1330 855 conterendum
1341 824 1481 855 iaculatus
1490 826 1530 856 est
1542 826 1747 859 Christus,i=vt
1757 818 1775 854 Μ’
1785 824 1803 856 Γ

90 866 158 907 apul·
170 866 269 897 vocari
281 864 373 907 posset
382 886 390 898 ‚
400 864 480 906 qubd
491 874 550 894 non
561 861 728 893 inodbreum
739 860 865 904 perculit
875 876 908 896 ac
918 866 1043 896 reddidit
1054 869 1215 899 attonitum
1229 890 1237 904 ,
1247 867 1293 898 sed
1314 868 1429 908 prorsus
1447 868 1632 906 confecir‚vt
1649 872 1725 911 apud
1737 868 1763 900 se
1772 881 1830 902 ian„

91 910 187 942 nullus
199 908 413 949 esset,quifibi
421 917 575 948 tantopere
584 907 664 947 ptius
673 907 808 948 placebat
819 912 866 943 ,δε
877 908 928 939 sibi
940 909 984 940 ius
1000 913 1156 951 arrogabat
1173 913 1352 954 profligandi
1371 914 1531 954 Eiiangelij.
1555 916 1624 945 Eius
1643 925 1752 946 nomen
1772 917 1832 945 He*

89 956 221 986 braicum
231 955 316 995 ponit
327 956 416 984 Lucas
428 952 564 982 hocloco
574 971 583 986 ‚
592 951 659 982 Saul
670 969 679 984 >
690 951 766 986 Saul,
778 956 846 994 quia
857 953 964 984 Christi
976 954 1068 986 verba
1078 954 1184 991 refert,
1196 959 1245 1000 qui
1257 968 1324 988 eum
1334 958 1437 998 procul
1450 959 1545 988 dubio
1562 959 1731 1001 alloquutus
1745 958 1785 990 est
1795 961 1831 990 α’
1876 971 1880 973 ·

89 1009 241 1030 commun!
277 1008 352 1028 entis
362 1007 453 1028 mose-

120 1056 132 1080 5
165 1045 246 1081 Qrs
255 1009 285 1074 gs
294 1054 306 1071 ³
322 1063 330 1076 ‚
342 1043 498 1080 Domino)
513 1043 574 1071 [am
583 1040 706 1073 Paulum
718 1040 861 1072 habemus
873 1042 954 1073 velut
964 1044 1127 1076 cicuratum
1138 1044 1203 1081 ‚sed
1216 1045 1350 1076 nondum
1360 1045 1399 1077 est
1408 1045 1515 1077 Christi
1535 1044 1703 1087 discipulus.
1720 1047 1830 1078 Corre-

87 1089 131 1120 {ta
145 1090 183 1120 est
195 1090 224 1118 iii
234 1097 272 1118 eo
282 1086 433 1126 superbia,
446 1085 601 1117 &subacta
614 1083 754 1117 ferocitas
764 1109 772 1122 ‚
784 1088 916 1118 nondum
927 1087 964 1118 eb
983 1085 1071 1130 vsque
1088 1087 1215 1122 sanitatis
1232 1089 1381 1132 profecit,
1395 1099 1425 1121 vt
1437 1089 1550 1121 christo
1569 1091 1689 1122 obediat
1702 1092 1830 1123 :tantum

86 1134 121 1163 arl
136 1131 202 1163 iussi
212 1129 382 1171 capessenda
393 1140 507 1170 paratus
519 1130 576 1163 est,
589 1130 639 1170 qui
651 1131 730 1170 prius
740 1131 932 1172 blasphemias
944 1135 1090 1173 crepabat.
1111 1137 1214 1176 Iraque
1225 1156 1234 1170 ,
1245 1135 1304 1165 haec
1314 1135 1510 1175 interrogatio
1523 1156 1532 1169 ,
1542 1135 1672 1166 hominis
1683 1134 1722 1167 est
1735 1157 1743 1171 ‚
1753 1141 1829 1167 atto'-

87 1179 140 1209 niti
154 1181 182 1208 Sc
199 1178 314 1215 stupore
323 1173 446 1206 confusi.
471 1185 526 1205 cut
536 1176 616 1205 enim
627 1185 660 1204 ex
671 1185 714 1206 rot
723 1176 887 1208 diuinitatis
907 1175 992 1218 signis
1003 1181 1101 1208 Deum
1112 1177 1167 1209 effe
1179 1191 1238 1209 non
1249 1177 1381 1221 agnoscit
1392 1201 1400 1215 ,
1411 1180 1461 1221 qui
1480 1179 1610 1220 loquitur
1619 1184 1632 1210 ἓ
1642 1180 1772 1222 Suspensi
1784 1191 1831 1212 er*-

87 1233 126 1265 go
137 1225 168 1254 8(
180 1220 332 1253 haesitiniis
341 1221 430 1251 animi
441 1219 555 1251 voxilla
565 1218 629 1249 fuit.
648 1221 727 1261 Ergo
739 1220 866 1251 chi-istus
875 1232 943 1261 eum
953 1222 988 1252 ad
999 1222 1205 1263 iesipi'seiiiiam
1219 1224 1340 1265 propius
1357 1234 1452 1266 vtget.
1478 1224 1581 1261 Qium
1599 1223 1733 1259 subiicit,
1745 1234 1761 1256 t
1777 1236 1795 1258 ὀ
1809 1231 1828 1256 d

89 1279 100 1298 s
114 1278 130 1298 v
141 1279 160 1296 Μ
187 1278 196 1296 x
210 1278 225 1297 ε
241 1279 253 1296 s
267 1276 284 1297 v
297 1277 326 1295 s:
339 1264 560 1296 meminerimus
578 1264 652 1294 hanc
669 1271 775 1296 vocem
793 1264 916 1296 sonuisse
927 1266 943 1297 ὲ
954 1267 1022 1297 caelo
1035 1288 1044 1302 ,
1056 1267 1161 1299 debuit
1181 1268 1283 1309 inique
1301 1267 1460 1309 perfudere
1474 1270 1605 1299 animun-i
1624 1268 1726 1304 Pauli,
1737 1274 1830 1311 quum

84 1321 234 1352 reputaret
245 1309 270 1340 se
280 1309 421 1340 hactenus
430 1309 542 1340 bellum
553 1319 620 1340 cum
631 1311 699 1339 Deo
710 1307 834 1352 gestisse:
845 1310 949 1340 debuit
957 1311 993 1341 ad
1004 1321 1101 1342 veram
1113 1312 1331 1344 submissionem
1350 1315 1484 1354 protinus
1501 1323 1567 1343 eum
1586 1312 1703 1345 flectere
1716 1329 1724 1348 5
1736 1325 1829 1356 quum

84 1366 234 1396 reputaret
245 1365 322 1389 ‚non
335 1351 670 1395 impunesibicessum‘m
684 1375 692 1389 ,
704 1356 719 1384 ii
731 1364 835 1386 contra
846 1365 913 1385 eum
926 1354 1214 1398 insui‘gerepergeret
1226 1376 1235 1389 ‚
1245 1358 1328 1389 cuius
1339 1366 1457 1389 manum
1477 1355 1606 1399 effugere
1623 1369 1682 1396 non
1703 1369 1829 1400 poterati

85 1399 232 1431 Caeteruin
242 1419 250 1432 2
262 1400 308 1430 liic
318 1398 402 1429 locus
412 1398 575 1429 dostiinain
586 1399 718 1438 apprime
731 1399 833 1430 Vtilem
843 1399 1025 1431 continetuc
1036 1402 1192 1442 multiplex
1203 1402 1322 1442 quidem
1333 1402 1373 1433 est
1383 1402 1499 1433 volitas.
1513 1413 1579 1432 nam
1593 1402 1690 1444 prirnb
1699 1403 1829 1435 ostendit

86 1445 220 1475 Christus
229 1463 239 1477 ‚
255 1444 355 1485 quanti
366 1443 558 1485 Euangelium
569 1441 648 1472 suum
659 1441 746 1473 faciat
758 1465 765 1479 ,
776 1445 844 1475 duni
857 1444 967 1474 causam
979 1444 1054 1486 suam
1066 1445 1123 1476 esse
1139 1447 1316 1486 pronuntiat
1328 1468 1336 1482 ,
1347 1446 1362 1476 a
1374 1458 1428 1488 qua
1441 1446 1514 1477 nihil
1524 1447 1633 1478 habere
1646 1449 1706 1478 vult
1717 1447 1829 1489 sepam‘-

82 1498 154 1519 tum.
175 1500 234 1519 non
244 1499 318 1529 ergo
329 1487 604 1518 eius‘defenfionem
623 1488 714 1527 magis
725 1496 852 1528 viiquam
865 1489 994 1518 abiicere
1013 1510 1021 1524 ,
1034 1490 1120 1530 quarn
1132 1489 1158 1520 se
1170 1490 1262 1531 ipsum
1272 1490 1418 1532 abnegare
1437 1491 1558 1533 poteriti
1598 1493 1708 1523 Eximia
1718 1492 1828 1525 deinde

81 1532 118 1563 ad
139 1534 205 1573 pios
213 1531 377 1563 consolatio
387 1532 462 1561 redit
473 1548 484 1564 ‚
503 1530 585 1571 qubd
595 1531 664 1561 dum
678 1542 731 1570 pro
752 1532 904 1572 Euangelii
914 1533 1087 1563 testimonio
1098 1534 1233 1564 laborant
1243 1556 1252 1569 ,
1270 1534 1386 1566 socium
1397 1537 1493 1567 crucis
1504 1534 1556 1566 sibi
1566 1535 1623 1566 esse
1640 1535 1762 1568 audiunt
1782 1539 1829 1568 Fi-

80 1576 152 1608 lium
171 1577 247 1612 Dei,
257 1576 308 1617 qui
319 1576 354 1606 ad
369 1574 522 1605 leuandam
533 1575 633 1605 oneris
642 1584 755 1614 partem
769 1577 908 1605 humeros
927 1576 991 1606 suos
1001 1579 1225 1617 quodaminodo
1237 1577 1384 1619 supponit.
1402 1591 1500 1621 neque
1511 1582 1589 1610 enim
1602 1581 1639 1610 de
1649 1582 1744 1612 nihilo
1755 1586 1826 1622 p‘io.

81 1621 220 1656 nunciam
229 1619 255 1650 se
264 1631 293 1650 tn
307 1617 428 1660 persona
440 1619 534 1649 nostra
545 1619 623 1659 pati,
633 1618 679 1649 sed
691 1619 748 1649 hoc
761 1620 849 1650 nobis
866 1618 950 1651 cer'tb
960 1619 1122 1660 persuasum
1134 1619 1192 1652 esse
1205 1622 1268 1653 vult
1277 1641 1286 1655 ‚
1298 1624 1400 1654 eadem
1411 1623 1501 1663 ipsum
1514 1623 1673 1664 sympathia
1691 1627 1784 1667 tangi,
1794 1636 1827 1657 ac

81 1664 102 1696 si
112 1676 166 1696 nos
182 1664 335 1706 Euangelii
353 1663 454 1694 hostes
463 1675 514 1705 per
524 1664 587 1694 eius
602 1663 676 1694 latus
688 1664 886 1695 vulnerarent.
920 1665 1218 1708 Qare‚Paiilusipse
1230 1666 1300 1697 dicit
1311 1665 1405 1698 deesse
1419 1667 1520 1698 christi
1531 1668 1710 1709 passionibus
1722 1690 1731 1703 ,
1743 1670 1827 1710 quic·

81 1710 152 1750 quid
163 1721 217 1750 pro
226 1709 381 1750 Euangelij
392 1706 563 1739 defensione
572 1707 809 1748 persecutionum
819 1708 911 1739 hodie
921 1708 1059 1740 sustinerit
1069 1710 1180 1742 fideles.
1206 1714 1273 1741 Haec
1281 1711 1372 1754 porrb
1389 1711 1551 1743 consolatio
1560 1732 1570 1746 ‚
1581 1723 1641 1743 nori
1660 1712 1773 1744 rantum
1787 1713 1824 1745 eb

80 1753 190 1794 {pestat
200 1774 209 1789 ‚
221 1763 258 1784 ne
271 1753 360 1783 nobis
369 1762 460 1792 graue
470 1751 503 1782 sit
513 1752 692 1792 cunicapite
702 1753 800 1783 nostro
808 1753 868 1793 pat-i
877 1773 886 1787 ,
897 1751 946 1784 sed
953 1763 984 1785 vt
991 1754 1140 1785 vindicem
1161 1755 1306 1786 malorum
1318 1757 1483 1787 nostrorum
1501 1755 1565 1788 fote
1581 1757 1714 1799 fperemu
1724 1759 1796 1799 s.qui
1807 1758 1824 1790 ὲ

81 1798 152 1829 caelo
161 1797 285 1832 clamat,
298 1807 464 1827 commune
474 1795 526 1826 sibi
538 1794 594 1826 effe
604 1795 756 1826 nobiscum
774 1796 916 1838 quicquid
933 1799 1070 1837 patimur.
1092 1797 1246 1829 Postremb
1260 1820 1269 1833 ,
1281 1799 1349 1829 hinc
1370 1797 1538 1842 colligimus
1548 1820 1557 1834 ,
1567 1802 1657 1841 quam
1677 1802 1823 1835 horribile

79 1842 223 1874 iudicium
233 1839 481 1881 maneatEcclefie
490 1839 689 1881 persecutores
701 1861 709 1874 ‚
721 1841 769 1881 qui
780 1843 933 1883 gigantum
945 1852 1047 1875 more,
1057 1842 1159 1873 caelum
1170 1841 1263 1882 ipsum
1282 1853 1475 1884 oppugnant,
1485 1854 1519 1875 ac
1536 1844 1594 1875 tela
1614 1846 1733 1876 vibrant
1751 1851 1822 1879 mox

80 1887 112 1918 in
123 1885 298 1928 caputsuum
310 1885 453 1916 reditura:
474 1883 537 1914 imb
547 1883 647 1915 caelum
664 1886 814 1916 turbando
835 1884 945 1916 fulmen
956 1886 1003 1916 irae
1011 1887 1107 1918 Deiin
1122 1885 1149 1917 se
1160 1896 1334 1927 prouocanti
1355 1889 1513 1918 Monemur
1522 1888 1611 1919 etiam
1623 1889 1650 1919 in
1662 1899 1774 1930 genere
1788 1900 1822 1920 o-‘

83 1942 166 1963 mnes
175 1930 281 1972 nequis
291 1929 405 1961 fratrem
415 1929 495 1959 suum
506 1927 793 1965 iniustfflaedendofln
804 1929 951 1961 Christum
963 1932 1099 1962 incurrat:
1108 1929 1262 1972 praesettim
1273 1931 1360 1965 verb,
1371 1943 1408 1962 ne
1417 1931 1483 1974 quis
1493 1934 1648 1964 veritatem
1666 1933 1776 1965 temere
1787 1936 1820 1966 δι’

83 1987 156 2007 caeca
164 1976 246 2007 rabie
256 1975 311 2005 zeli
321 1974 424 2005 colore
435 1982 602 2014 oppugnet.

123 2022 151 2050 D
163 2032 180 2052 v
193 2031 209 2049 a
223 2032 239 2050 v
254 2031 274 2050 M
296 2031 312 2050 s
326 2032 337 2050 s
350 2031 367 2049 τ
389 2031 405 2049 τ
417 2031 427 2049 1
441 2030 455 2048 Β
467 2017 659 2059 1.)Sententia
669 2016 708 2047 est
717 2016 934 2058 prouerbialisa
945 2018 1044 2049 bobus
1054 2029 1103 2050 aut
1113 2020 1197 2061 equis
1206 2022 1316 2061 sumpta
1329 2032 1335 2050 z
1347 2020 1397 2062 qui
1409 2020 1478 2051 dum
1491 2019 1612 2051 stimulis
1630 2029 1814 2064 punguntur3

78 2063 260 2096 calcitrando
270 2064 344 2094 nihil
353 2062 513 2104 proficiunt
522 2084 530 2096 ‚
542 2062 591 2093 nisi
601 2061 680 2103 qubd
690 2061 813 2093 stimulis
823 2062 909 2093 altius
920 2063 1014 2094 infixis
1026 2063 1133 2094 malum
1145 2065 1305 2106 duplicant.
1327 2068 1391 2094 Hoc
1402 2064 1492 2094 simile
1504 2065 1635 2096 Christus
1646 2066 1680 2095 ad
1699 2070 1725 2096 le
1736 2077 1815 2108 opti-

65 2109 127 2140 ⁴me
136 2108 360 2140 accommodat:
371 2108 438 2149 quia
449 2117 550 2137 contra
564 2117 630 2137 eum
643 2106 781 2137 luctando
791 2128 800 2142 ,
810 2107 917 2148 duplex
925 2107 1032 2139 malum
1043 2108 1180 2140 homines
1196 2108 1248 2139 sibi
1269 2108 1415 2140 accersent
1425 2129 1432 2143 ‚
1445 2109 1552 2150 quibus
1570 2109 1683 2141 necesse
1693 2111 1732 2142 est
1744 2133 1752 2147 ‚
1762 2121 1813 2142 ve-·

78 2154 135 2184 lint
145 2153 264 2187 nolint,
272 2159 336 2184 etus
348 2152 472 2193 imperio
483 2148 604 2181 subesse.
628 2151 690 2188 Q!
702 2149 727 2180 se
737 2151 856 2182 Christo
867 2150 969 2193 sponte
977 2151 1154 2183 submittunt
1166 2175 1174 2188 ,
1185 2153 1260 2184 adeo
1270 2153 1377 2184 nullam
1387 2154 1424 2184 ab
1434 2162 1470 2183 eo·
1480 2153 1608 2186 sentiunt
1618 2155 1812 2196 punfflonem

78 2200 150 2229 Vtin
160 2209 197 2228 eo
208 2207 339 2239 paratum
350 2197 478 2227 habeant
488 2196 621 2225 omnium
633 2196 784 2226 vulnerum
795 2196 957 2226 remedium
969 2208 976 2227 ι
990 2195 1038 2227 secl
1050 2198 1131 2241 impij
1143 2207 1245 2228 omnes
1255 2198 1303 2240 qui
1315 2198 1479 2228 virulentos
1488 2196 1551 2228 snos
1571 2200 1690 2230 aculeos
1703 2201 1731 2229 in
1749 2199 1811 2240 ipsu

79 2243 176 2273 iacere
187 2251 331 2273 conantur
341 2263 349 2276 ,
359 2240 486 2271 sentient
496 2238 613 2270 tandein
624 2238 650 2270 se
658 2239 751 2270 asinos
761 2237 818 2271 esse
826 2240 871 2271 vel
884 2241 977 2272 boues
984 2240 1103 2272 stimulo
1113 2243 1270 2273 obnoxios.
1292 2245 1334 2273 Ita
1346 2261 1354 2274 ,
1363 2243 1418 2283 piis
1428 2241 1650 2277 fundamentum
1661 2241 1701 2275 est
1711 2244 1740 2274 in
1749 2250 1811 2285 quo

79 2287 258 2317 recumbunt
267 2298 274 2315 z
284 2285 331 2316 sed
342 2283 478 2327 reprobis
491 2283 580 2325 quiin
590 2293 656 2314 eum
668 2283 838 2325 impingunt
849 2305 857 2319 ‚
867 2285 940 2326 lapis
951 2286 990 2316 est
998 2286 1047 2326 qui
1061 2285 1106 2317 sua
1115 2286 1224 2317 duritie
1235 2286 1311 2327 ipsos
1331 2288 1466 2317 conterit.
1493 2287 1628 2324 Qanuis
1644 2297 1742 2319 aurem
1761 2290 1812 2320 hic

78 2331 173 2362 serino
185 2331 326 2360 habeatur
337 2329 373 2359 de
381 2326 534 2370 Euari'gelij
544 2327 687 2363 hostibus,
698 2328 782 2358 larius
790 2339 889 2361 tamen
897 2330 1013 2361 extendi
1024 2330 1120 2372 potest
1128 2331 1188 2361 haec
1196 2329 1414 2362 admonitiome
1424 2329 1534 2362 scilicet
1543 2330 1661 2363 fiaenum
1673 2332 1812 2364 mordens

78 2376 120 2406 do
132 2397 138 2409 ,
149 2377 268 2416 quoties
276 2374 364 2404 nobis
374 2384 439 2404 cum
450 2372 518 2404 Deo
529 2372 683 2412 negotium
693 2371 734 2402 est
743 2393 753 2406 ,
764 2382 902 2413 putemus
912 2384 966 2404 nos
976 2375 1132 2416 quicquam
1143 2372 1328 2416 profecturos
1340 2374 1405 2406 :sed
1423 2375 1577 2407 mansuetis
1593 2377 1676 2418 equis
1692 2376 1810 2413 similes,

77 2419 157 2452 flesti
170 2430 223 2449 nos
233 2429 266 2450 ac
277 2419 339 2461 regi
349 2420 411 2449 eius
423 2426 510 2448 manu
519 2415 633 2457 placide
642 2414 766 2460 sinamus
779 2427 786 2446 ε
797 2419 830 2448 &
838 2415 857 2446 fi
867 2418 986 2458 quando
995 2420 1180 2461 nospungit,
1192 2419 1349 2450 reddamur
1359 2420 1423 2450 eius
1441 2419 1562 2451 stimulis
1580 2421 1616 2451 ad
1634 2421 1808 2462 obsequium

77 2465 279 2505 promptiores
287 2484 297 2499 ,
309 2474 345 2494 ne
356 2462 438 2504 quod
447 2462 477 2492 in
485 2460 598 2492 Psalmo
607 2460 713 2492 dicitur
723 2461 811 2491 nobis
819 2461 942 2493 accidat.
963 2463 1053 2504 Equis
1061 2473 1094 2494 ac
1104 2464 1191 2494 mulis
1198 2463 1371 2495 refrastariis
1381 2464 1508 2494 maxillas
1516 2465 1672 2507 constringi
1684 2466 1716 2496 δε
1728 2466 1809 2505 lupa-

76 2519 110 2539 to
120 2508 231 2540 duriter
239 2507 375 2539 cohiberi
385 2527 395 2540 ,
406 2518 442 2537 ne
451 2505 576 2536 insiliant
585 2524 594 2538 ‚
606 2507 665 2536 aec.
688 2505 832 2536 Coeterilm
842 2506 870 2536 in
883 2506 938 2538 hac
947 2507 1064 2538 historia
1074 2508 1216 2539 habemus
1224 2509 1306 2539 velut
1315 2517 1416 2549 typum
1428 2508 1616 2539 vniuersalem
1635 2510 1699 2540 eius
1714 2508 1808 2551 gratie.>

77 2563 165 2593 qnam
178 2552 329 2583 Dominus
340 2551 515 2591 quotidiein
524 2550 666 2581 vocandis
682 2549 770 2579 nobis
784 2550 927 2582 omnibus
946 2552 1043 2582 exerit.
1070 2555 1139 2582 Non
1155 2562 1262 2582 omnes
1281 2552 1401 2593 quidem
1418 2561 1497 2582 tanta
1513 2552 1655 2584 violentia
1671 2552 1807 2588 aduersus

76 2598 272 2640 Euangelium
282 2596 308 2628 se
317 2594 440 2627 efferunt
451 2607 457 2626 :
468 2595 515 2627 sed
523 2593 769 2625 omnibustamen
787 2595 919 2636 ingenita
935 2597 976 2627 est
991 2606 1054 2626 tum
1071 2595 1204 2637 superbia
1215 2606 1296 2630 ‚tum
1313 2595 1440 2626 rebellio
1456 2606 1559 2628 contra
1574 2600 1671 2627 Deum
1684 2609 1690 2627 :
1701 2605 1807 2627 omnes

78 2652 179 2672 natura
189 2642 267 2681 praui
279 2640 374 2671 sumus
385 2642 416 2672 δε
426 2639 488 2671 saeui
498 2659 508 2673 ‚
521 2637 602 2680 quod
610 2647 682 2679 ergo
691 2637 728 2667 ad
737 2640 833 2669 Deum
844 2641 1063 2674 conuerrimur,
1073 2639 1103 2669 id
1123 2647 1224 2680 praerer
1242 2647 1374 2670 naturam
1391 2639 1424 2670 fit
1441 2641 1567 2671 mirabili
1585 2643 1615 2672 δε
1631 2651 1731 2672 arcana
1746 2640 1807 2671 Dei

78 2686 224 2726 potentia.
244 2684 424 2716 Adscribunt
432 2683 552 2724 quidem
563 2681 677 2723 Papisle
688 2687 909 2724 quoquegratiae
917 2686 974 2715 Dei
984 2683 1183 2715 conuerlionis
1194 2683 1293 2714 nostrae
1303 2683 1418 2715 laudem
1430 2707 1439 2721 ‚
1450 2685 1498 2716 sed
1517 2695 1550 2716 ex
1561 2695 1640 2725 parte
1657 2685 1807 2716 diiiitaxati

79 2731 148 2770 quia
162 2739 216 2759 nos
224 2727 379 2769 cooperari
390 2727 517 2769 fingunt.
539 2730 578 2756 At
587 2725 675 2759 verb,
687 2736 776 2767 quum
789 2737 904 2759 cai-nem
922 2729 1046 2760 nostram
1066 2727 1222 2758 mortificat
1238 2729 1332 2763 Deus,
1343 2738 1402 2758 non
1421 2729 1506 2761 aliter
1523 2738 1578 2760 nos
1596 2727 1701 2770 subigit
1719 2729 1807 2770 quam

79 2773 203 2805 Paulum
216 2784 222 2803 :
233 2783 288 2802 nec
298 2772 360 2812 pilo
371 2782 430 2802 vno
440 2769 611 2812 propensior
622 2770 662 2800 est
670 2771 758 2801 nobis
774 2770 810 2802 ad
825 2773 985 2816 parendum
1001 2772 1137 2804 voluntas
1148 2793 1156 2806 ‚
1169 2771 1254 2819 quam
1273 2772 1366 2803 Paulo
1379 2771 1434 2804 fuit
1445 2792 1454 2806 ‚
1465 2774 1562 2804 donec
1571 2773 1690 2804 contusa
1707 2773 1806 2804 cordis

81 2818 170 2849 nostri
182 2816 313 2857 superbia
324 2838 334 2850 ,
343 2826 396 2846 nos
405 2826 465 2846 non
476 2815 572 2849 modb
583 2813 724 2848 flexibiles
733 2836 742 2850 ‚
751 2814 799 2846 sed
806 2816 842 2847 ad
850 2816 1026 2859 sequendum
1037 2817 1219 2848 voluntarios
1228 2816 1394 2847 reddiderit·
1416 2817 1487 2847 Tale
1497 2817 1586 2858 igitur
1602 2816 1804 2848 conuersionis

80 2863 183 2893 nostrae
193 2861 310 2892 initium
322 2860 412 2900 εἶξαι
422 2862 505 2891 Deus
513 2859 636 2890 minime
644 2857 765 2893 vocatus
772 2869 821 2892 aut
829 2860 971 2903 quaelitus,
985 2872 1074 2903 vagos
1084 2863 1114 2892 δε
1124 2870 1253 2891 errantes
1262 2859 1340 2890 vltrb
1356 2870 1460 2900 quaerat
1471 2870 1517 2892 :Vt
1526 2859 1690 2902 praefrafitos
1706 2861 1804 2902 cordis

80 2907 170 2938 nostri
182 2905 300 2937 :iffsctus
310 2915 403 2936 mutet
412 2924 421 2938 ,
429 2904 491 2946 qub
502 2915 554 2935 nos
563 2904 614 2933 fibi
627 2898 738 2935 dociles
748 2903 864 2936 habear.
886 2906 970 2937 Valet
981 2915 1114 2947 praeterea
1123 2904 1180 2935 haec
1192 2904 1308 2934 historia
1317 2904 1352 2934 ad
1363 2906 1483 2946 Pauline
1494 2906 1632 2937 doctrine
1648 2905 1805 2938 confirma-

81 2952 206 2982 tionem.
232 2950 374 2981 SiPaulus
383 2946 724 2990 sempervnusfuiss‘etert
732 2949 839 2980 Christi
849 2949 1013 2992 discipulis,
1025 2947 1136 2989 possent
1154 2948 1282 2989 improbi
1299 2950 1331 2978 δε
1349 2959 1478 2988 proterui
1494 2949 1632 2981 homines
1647 2951 1805 2982 extenuare

81 2994 240 3036 testimoni]
252 2994 367 3036 pondus
376 2993 459 3035 quod
468 2991 604 3035 magistro
614 2991 663 3022 suo
673 2992 778 3025 reddit.
799 2994 827 3024 si
839 2992 954 3026 facilem
964 2994 989 3026 se
1001 2997 1032 3026 ὅ(
1050 2993 1229 3034 morigerum
1245 2992 1338 3023 statim
1355 2991 1535 3033 praebuisset»
1547 2995 1620 3027 nihil
1636 2995 1686 3026 nis!
1702 2994 1803 3026 huma·

83 3049 154 3068 num
164 3048 350 3070 cerneremus
370 3045 380 3068 ἓ
410 3037 458 3069 sed
477 3048 567 3078 quum
585 3034 703 3067 infestus
723 3037 835 3068 christo
853 3038 943 3071 hostis
953 3059 963 3072 ,
987 3036 1105 3070 rebellis
1119 3037 1280 3078 Euangelio
1289 3057 1298 3071 ‚
1316 3034 1452 3080 sapientie
1469 3038 1521 3070 suae
1537 3037 1643 3080 fiducia
1656 3039 1803 3081 turgiduss

83 3083 156 3113 odio
165 3092 237 3112 verae
246 3082 315 3114 fidei
324 3082 428 3115 ardens
437 3104 447 3118 ,
456 3075 546 3113 exesis
559 3080 720 3122 hypocrisi,
729 3081 764 3112 ad
772 3081 929 3115 delendam
940 3083 1091 3115 veritatem
1108 3080 1257 3122 plusquam
1275 3081 1406 3121 pertinax
1416 3104 1424 3118 ‚
1434 3082 1557 3124 repente
1572 3084 1690 3115 insolito
1708 3084 1801 3114 modo

82 3127 113 3157 in
125 3136 238 3156 nouum
249 3125 401 3159 hominem
413 3136 556 3158 mutatur:
567 3121 743 3156 nectanulm
752 3128 1025 3168 conuertiturlupus
1036 3126 1066 3156 in
1075 3135 1165 3155 ouem
1176 3147 1185 3160 ‚
1195 3124 1240 3156 sed
1251 3124 1531 3169 pastorisingenium
1553 3128 1650 3160 induit
1659 3141 1669 3159 .·
1679 3127 1799 3167 perinde

83 3170 125 3201 est
137 3179 187 3205 ‚ac
197 3168 216 3199 si
226 3170 373 3211 Angelum
383 3171 510 3213 aliquem
520 3169 629 3201 celitus
639 3168 751 3201 missum
764 3171 889 3206 christus
899 3182 984 3202 manu
993 3169 1037 3200 sua
1047 3170 1074 3199 in
1084 3167 1213 3199 medium
1224 3169 1410 3215 produceret.
1419 3181 1515 3213 neque
1526 3172 1604 3204 enim
1620 3171 1736 3204 §.iulum
1747 3170 1799 3200 ills!

81 3212 250 3246 Tarsensem
262 3214 318 3245 iam
327 3213 582 3258 conspicimus‚sed
590 3223 702 3245 nouum
710 3214 862 3247 hominem
870 3216 977 3258 Spiritu
987 3214 1044 3246 Dei
1053 3211 1256 3246 formatumzvt
1265 3213 1324 3246 iam
1332 3214 1391 3257 ipse
1399 3224 1451 3258 per
1459 3227 1494 3247 os
1503 3218 1567 3250 eius
1574 3224 1710 3258 tanquam
1719 3213 1735 3244 ὲ
1744 3223 1797 3244 cae-

84 3259 121 3290 lis
130 3258 279 3299 loquatur.
990 3270 993 3272 ·

123 3312 146 3342 6
190 3299 254 3354 Ipsi²
264 3312 375 3339 autem
384 3316 532 3341 tremens
544 3316 580 3339 ac
588 3314 714 3355 pauens
723 3329 733 3349 ‚
745 3305 838 3342 dixit
847 3322 858 3342 .·
869 3304 1011 3341 Domine
1020 3332 1030 3346 ‚
1041 3300 1127 3355 quid
1131 3315 1184 3339 me
1193 3300 1388 3355 misacam?
1398 3310 1443 3342 Et
1451 3307 1613 3345 Dominus
1622 3304 1671 3343 ad
1679 3304 1790 3345 illum?

79 3366 183 3412 Surge
194 3388 204 3403 ,
217 3360 255 3401 ,92-
267 3359 444 3410 ingredere
452 3363 489 3397 in
499 3357 619 3397 vrbem
628 3387 638 3402 ,
646 3357 709 3396 vbi
719 3360 849 3398 dicetur
856 3358 916 3396 tihi
925 3356 1048 3411 quidee
1058 3368 1204 3411 oporteat
1205 3357 1325 3411 fiscerei

130 3428 155 3464 7
219 3416 382 3452 Homines
393 3423 500 3452 aulem
510 3418 570 3467 qui
578 3417 713 3454 comites
731 3425 829 3456 eram
837 3415 969 3455 itmertk
989 3411 1137 3468 ‚stabant
1152 3416 1292 3455 attoniti
1301 3440 1312 3462 ‚
1323 3414 1499 3454 audientes
1514 3413 1652 3468 quidem
1666 3415 1797 3467 voccmq
1826 3420 1827 3423 ’

83 3473 256 3509 neminem
266 3482 378 3509 autem
386 3469 556 3509 >vidente-r.
1477 3520 1505 3556 e

56 3534 61 3537 ¹
1539 3535 1558 3557 ιι
1561 3535 1572 3566 1

1847 1679 1899 1704 Col.
1909 1685 1923 1703 ῐ.
1934 1677 1958 1705 δέ

1885 1721 1923 1741 ²4·
