2310 3841
151 220 202 270 C.
212 218 285 265 111.

183 1621 319 1658 [estradis.

188 2254 332 2290 Samum.

297 149 342 193 §2

297 223 377 260 ergo
385 221 467 245 vnus
477 207 515 243 sit
539 205 641 242 Patris
650 204 858 245 consiliarius,
869 204 1009 240 admittit
1020 215 1082 236 nos
1093 202 1126 235 in

306 273 342 296 ea
352 272 463 295 arcana
480 256 589 304 quaein
609 254 719 290 abdito
729 255 851 301 alioqui
862 256 1007 289 laterent.
1026 250 1134 285 Vide-

309 320 360 344 tur
373 319 479 343 tamen
489 308 553 339 hoc
562 301 622 338 effe
635 302 803 338 absurdum
814 325 824 342 ‚
835 303 925 349 quod
937 299 967 336 se
986 299 1064 334 dicit
1074 299 1135 332 effe

311 359 346 392 in
361 357 432 402 celo
446 366 512 401 quo
520 351 710 398 temporein
721 361 803 385 terra
811 351 942 385 habitat.
960 349 992 383 Si
1005 347 1137 394 respon-

313 407 386 441 deas
394 415 506 439 verum
517 399 576 435 effe
584 401 664 436 illud
675 397 816 446 respectu
827 397 1136 446 diuinitatisdoque-

315 454 349 488 di
359 452 474 486 modus
485 451 569 484 aliud
581 449 688 483 sonat:
699 449 786 495 quod
798 445 895 482 scilic.
906 446 1009 480 homo
1027 443 1092 497 ipse
1102 453 1137 497 m

314 502 393 536 caelo
403 497 508 534 fuerit.
520 499 596 534 Dici
606 497 705 544 poffet
714 509 782 530 non
799 496 870 530 fieri
879 494 944 528 loci
955 502 1134 528 mentione,

314 548 368 583 sed
378 547 570 582 conditione
582 545 706 581 tantum
721 542 857 579 discerni
877 540 1042 578 Christum
1055 540 1072 574 ὲ
1085 550 1138 572 re·

314 595 503 644 liquis‚quia
512 594 608 630 haeres
620 593 655 628 fit
665 593 756 639 regni
766 592 832 626 Dei
843 614 853 631 ‚
863 591 880 625 a
891 602 955 637 quo
964 598 1070 623 totum
1083 598 1141 634 ge-

318 659 378 680 nus
389 644 565 679 humanum
578 643 690 678 exulat:
701 641 753 674 sed
763 651 861 686 quum
872 639 904 679 in
922 635 1054 672 Christo
1066 647 1142 681 pro-

319 705 390 741 pter
401 693 554 728 vnitatem
573 689 710 737 personae
729 687 802 722 satis
817 685 967 732 frequens
986 697 1020 719 ac
1030 684 1142 717 tritum
1165 697 1169 701 ·

321 742 462 789 fit‚quod
478 743 569 774 vuius
579 747 691 772 naturae
701 735 869 783 proprium
880 736 924 769 est
934 757 945 773 ,
961 734 1001 768 ad
1011 733 1144 767 alteram

323 787 483 825 transferri
495 812 503 826 ,
515 800 582 821 non
593 786 653 826 alia
662 784 777 819 solutio
787 783 953 830 quaerenda
963 777 1145 818 est.Christ’

326 850 406 885 ergo
415 837 469 883 qui
482 837 513 868 in
526 837 602 868 caelo
613 832 796 871 est‚carnem
806 831 946 866 nostram
955 831 1059 865 induit
1074 852 1085 868 ,
1112 838 1146 864 vt

326 887 472 933 porrecta
483 883 579 918 nobis
588 880 722 917 fraterna
732 892 827 916 manu
837 904 849 918 ,
857 880 961 915 secum
971 891 1031 915 nos
1038 877 1077 913 ad
1087 889 1146 912 cae-

326 937 392 969 lum
405 931 531 967 euehat.

362 994 400 1027 14
441 980 561 1027 Etsicut
574 980 648 1019 ἁλί
651 979 718 1024 oses.
732 981 745 1018 )
756 976 883 1014 Clarius
902 975 1036 1024 explicat
1047 987 1147 1023 quor-

327 1029 397 1064 sum
408 1029 521 1064 dixerit
533 1027 563 1062 se
574 1040 673 1062 vnum
683 1028 742 1062 effe
754 1030 803 1062 cui
815 1038 957 1074 apertum
969 1025 1014 1060 est
1025 1027 1146 1060 caelum:

327 1090 446 1124 nempe
457 1090 490 1112 vt
499 1089 614 1112 omnes
623 1076 696 1111 illuc
706 1077 836 1111 inducat
863 1098 874 1115 ,
896 1076 949 1122 qui
961 1074 1062 1108 modo
1075 1085 1149 1107 eum

327 1126 414 1174 sequi
426 1127 592 1161 duffiorem
603 1126 724 1159 volent.
741 1122 769 1159 se
779 1124 865 1158 enirn
881 1123 985 1170 palam
995 1121 1150 1157 omnibus

329 1180 362 1211 &
374 1175 479 1221 aperte
489 1173 662 1219 expositum
675 1171 744 1206 fore
755 1172 881 1206 testatur
891 1195 901 1208 ,
925 1182 959 1206 vt
969 1169 1052 1204 suam
1062 1170 1101 1204 ad
1111 1182 1151 1202 ο-

331 1237 421 1258 mncs
432 1224 581 1259 virtutem
591 1221 808 1255 diffundanlix
815 1224 908 1255 altari
918 1218 1072 1267 significat
1082 1217 1152 1252 col-

330 1273 430 1305 locari
440 1273 471 1304 in
483 1273 556 1305 loco
567 1269 656 1304 edito
665 1274 696 1304 Sc
710 1267 830 1305 excelso
840 1292 850 1308 ,
862 1279 895 1302 vt
904 1268 1052 1301 omnium
1063 1265 1150 1313 aspe-

331 1320 397 1354 {tui
407 1331 520 1365 pateat.
548 1319 579 1352 id
589 1316 706 1352 fafturn
718 1317 762 1351 est
771 1316 939 1364 Euangelij
950 1316 1150 1362 praedicatto-

332 1380 382 1401 ne.
402 1371 488 1402 Nam
501 1367 588 1414 quod
598 1366 637 1400 de
656 1378 748 1399 cruce
758 1366 887 1412 quidam
899 1375 1156 1411 exponunt,con-

331 1417 428 1450 textui
439 1428 505 1449 non
517 1414 666 1462 quadrat,
677 1417 709 1449 δὲ
724 1415 865 1448 alienum
884 1413 928 1448 est
940 1412 979 1447 ab
997 1412 1156 1448 instituto.

332 1465 473 1510 Simplex
481 1477 559 1512 ergo
570 1463 744 1497 verborum
755 1461 857 1497 sensus
867 1461 912 1496 est
920 1484 930 1500 ,
949 1462 1038 1508 quod
1048 1462 1154 1496 Euan-

333 1512 407 1560 gelij
416 1512 676 1560 promulgatione
695 1511 789 1546 instar
800 1512 907 1555 vexilli
927 1511 1074 1559 erigEdus
1084 1508 1154 1543 fue-

333 1563 374 1595 rit
385 1560 532 1595 Christus
542 1584 552 1599 ,
562 1560 628 1607 quo
638 1560 842 1594 intenderent
860 1559 1008 1593 omnium
1018 1556 1159 1595 oculi,fi-

335 1621 387 1645 cut
397 1611 574 1657 predixerat
584 1608 705 1642 iesaias.
716 1607 822 1642 Huius
834 1607 1034 1643 exaltationis
1045 1617 1158 1654 typum

335 1658 442 1693 statuit
452 1659 485 1692 in
495 1656 639 1703 serpente
647 1659 806 1703 aeneo‚qui
820 1656 836 1691 ὲ
846 1655 939 1692 Mose
948 1656 1071 1704 ereQus
1086 1653 1158 1693 fuit,

338 1707 426 1741 cuius
436 1705 624 1753 conspectus
640 1704 769 1739 salutare
779 1704 957 1739 remedium
967 1704 1007 1737 iis
1027 1714 1093 1738 erat
1102 1701 1160 1749 qui

339 1754 448 1790 lethali
459 1755 639 1801 serpentum
652 1752 758 1787 morsu
776 1752 930 1788 vulnerati
942 1763 1041 1786 erant.
1068 1753 1160 1786 Nota

341 1802 386 1837 est
398 1802 528 1837 historia
538 1815 605 1850 quae
616 1800 749 1836 habetur
758 1803 861 1837 Num.
873 1814 916 1835 21.
927 1813 956 1836 c.
965 1812 996 1838 9.
1013 1800 1117 1835 Porro
1126 1800 1161 1833 in

339 1852 425 1886 hunc
442 1851 541 1886 finem
562 1851 625 1885 hoc
648 1851 725 1884 loco
749 1850 912 1885 adducitur
934 1872 943 1888 ‚
963 1861 995 1884 vt
1005 1847 1035 1883 se
1046 1848 1162 1883 doceat

341 1899 491 1934 Christus
503 1898 665 1946 Euangelij
675 1898 821 1933 dostrina
833 1897 1091 1932 constituendum
1101 1893 1162 1930 effe

339 1960 414 1981 ante
425 1948 572 1981 omnium
584 1947 697 1981 oculos
714 1968 726 1984 ,
744 1956 779 1980 vt
795 1946 978 1994 quicunque
988 1944 1087 1991 ipsum
1099 1944 1165 1979 fide

341 1995 449 2030 intuiti
461 1994 587 2032 fuerint,
599 1993 730 2028 salutem
738 1995 926 2040 percipiant.
963 1993 1061 2028 Vnde
1070 1993 1165 2027 colli-

343 2044 485 2090 gendum
496 2043 540 2077 est
549 2066 558 2082 ,
570 2042 734 2077 Christum
745 2042 842 2077 nobis
852 2043 884 2076 in
894 2042 1073 2089 Euangelio
1085 2040 1167 2075 clare

344 2092 506 2138 proponi,
517 2091 629 2137 nequis
644 2091 683 2125 de
693 2089 887 2125 obscuritate
897 2101 1056 2136 queratur,
1069 2093 1100 2123 δι
1112 2100 1167 2134 pa-

345 2138 554 2174 tefaffionem
568 2138 649 2173 hanc
659 2138 814 2173 omnibus
825 2138 885 2173 esse
894 2151 1102 2173 communem
1114 2159 1124 2175 ‚
1135 2141 1167 2172 ὃ(

347 2187 437 2223 suum
449 2186 508 2223 effe
518 2187 593 2222 fidei
603 2185 762 2233 aspectum
771 2210 781 2226 ,
794 2200 861 2235 quo
879 2199 1028 2233 tanquam
1039 2183 1168 2233 presen-

350 2249 416 2271 tem
429 2247 552 2270 cernat:
569 2236 841 2282 quemadmodum
854 2236 931 2269 dicit
940 2234 1169 2280 Paulus,ipsunr

351 2298 424 2320 cum
437 2297 528 2318 cruce
539 2283 588 2318 sua
599 2283 747 2331 graphice
756 2284 899 2330 depingi,
909 2296 1008 2331 quum
1017 2285 1091 2319 vere
1100 2294 1173 2329 pre-

353 2334 487 2368 dicatur.
505 2334 585 2367 Non
597 2331 641 2365 est
649 2336 720 2365 aute
743 2331 918 2379 fimtilitudo
929 2332 1104 2378 impropria
1123 2332 1175 2365 vel

351 2380 454 2428 longe
463 2379 660 2427 petita‚Sicut
672 2374 932 2413 externa'tantt‘im
947 2392 1011 2413 erat
1021 2378 1176 2425 serpentis

355 2427 574 2475 species,intus
584 2427 666 2461 nihil
677 2426 841 2461 tabificum
861 2435 912 2461 au't
922 2424 1177 2460 venenosum:ita

355 2477 460 2513 forma
472 2477 574 2511 carnis
584 2475 766 2521 peccatricis
786 2474 890 2509 induit
901 2473 1048 2519 Christus
1057 2497 1067 2514 ,
1076 2474 1092 2507 Ξι
1101 2484 1176 2518 pec—

356 2537 429 2561 cato
440 2536 545 2559 tamen
555 2536 665 2571 puram
676 2527 707 2558 δι
718 2535 858 2560 vacuam,
871 2535 935 2569 quo
947 2520 1061 2557 lethale
1071 2521 1103 2554 in
1113 2532 1176 2553 no-

357 2575 408 2609 bis
417 2573 539 2622 peccati
548 2573 661 2607 vulnus
678 2570 807 2606 sanaret.
843 2573 962 2617 Neque
972 2571 1058 2604 enirn
1068 2567 1180 2602 frustra

357 2622 525 2661 Dominus
535 2622 693 2668 olim,un
705 2620 721 2654 a
733 2617 903 2665 serpentib.
915 2618 1068 2653 vulnerati
1081 2615 1179 2651 effent

357 2670 530 2709 Iudaei‚tale
540 2668 676 2704 antidoti
694 2680 794 2715 genus
803 2665 960 2714 opposuit.
1000 2669 1107 2713 Atque
1117 2665 1180 2699 hoc

359 2720 398 2753 ad
417 2718 700 2753 confirmationem
717 2715 875 2751 sermonis
894 2715 911 2751 a
929 2714 1062 2750 Christo
1079 2712 1181 2748 habiti

359 2766 574 2804 valebatmam
584 2779 683 2814 quum
693 2765 790 2800 instar
799 2764 925 2801 obscuri
945 2768 976 2799 δι
993 2762 1109 2798 abiet-'ti
1119 2762 1183 2797 ho-

362 2816 459 2850 minis
473 2815 638 2850 contemni
650 2815 679 2849 se
690 2814 813 2849 videret
831 2837 840 2853 ‚
860 2813 942 2847 nihil
961 2811 1062 2858 aptius
1072 2810 1183 2846 afferre

362 2865 469 2909 potuit
479 2860 630 2910 serpentis
641 2862 905 2902 exaltatione‚acli
916 2861 1116 2900 diceret,non
1127 2860 1184 2907 de-

364 2910 440 2945 bere
458 2912 559 2946 videri
577 2911 746 2946 absurdum
767 2910 787 2945 fi
807 2921 910 2957 preter
928 2909 1100 2944 hominurn
1110 2907 1183 2955 opi-

317 2994 319 2996 ,
364 2959 498 2993 aionem
509 2973 545 2994 ex
554 2960 670 2995 infimo
681 2959 831 2994 eut-hatur
842 2983 852 2997 ,
862 2958 935 3007 quia
944 2959 977 2993 id
989 2958 1022 2992 in
1033 2956 1185 3004 serpentis

216 3298 236 3317 ι.
246 3293 306 3318 Cor.
313 3286 356 3320 ω’.

217 3339 270 3367 *3³

364 3016 442 3053 typo
453 3008 514 3042 iam
526 3009 748 3042 adumbratum
760 3007 816 3042 sub
834 3010 922 3054 Lege
939 3005 1044 3042 fuerit.
1061 3005 1186 3053 Qaeri-

365 3065 417 3088 tur
428 3067 511 3089 nunc
521 3069 558 3089 an
571 3056 599 3090 se
610 3056 756 3091 Christus
768 3055 902 3101 serpenti
913 3056 1099 3101 comparet,
1113 3055 1186 3102 quia

365 3101 402 3136 fit
411 3103 531 3148 aliquid
544 3104 654 3138 simile:
666 3118 702 3138 au
722 3105 800 3141 vero
808 3104 1037 3140 sacramentum
1049 3101 1138 3138 fuisse
1147 3101 1186 3138 {i-

367 3150 607 3197 gnificet,quale
618 3151 674 3185 suit
686 3165 808 3187 manna.
820 3152 963 3187 Tametsi
974 3153 1061 3187 enim
1073 3162 1189 3186 manna
1213 3165 1216 3167 ·

370 3199 549 3245 corporalis
561 3210 624 3248 erat
635 3199 725 3233 cibus
741 3224 751 3239 ‚
769 3201 940 3236 destinatus
957 3201 994 3235 ad
1006 3194 1188 3246 praesentem

370 3244 458 3280 vsum
477 3269 487 3284 ,
507 3245 596 3281 simul
613 3259 718 3281 tamen
731 3249 915 3295 mysterium
926 3249 1086 3295 spirituale
1101 3242 1190 3282 fuisse

371 3295 498 3330 testatur
509 3296 630 3330 Paulus.
638 3296 724 3330 Idem
736 3308 769 3330 vt
779 3297 818 3331 de
827 3296 947 3342 serpetc
956 3309 1047 3331 aeneo
1058 3295 1190 3330 sentiam

371 3354 438 3377 tum
451 3343 502 3377 hic
513 3344 603 3378 locus
626 3356 677 3378 me
690 3344 830 3382 inducit,
842 3355 909 3378 tum
920 3344 1008 3390 quod
1018 3345 1051 3379 in
1064 3343 1194 3391 posterii

373 3389 510 3425 seruatus
521 3389 596 3430 fuit,
608 3392 712 3426 donec
723 3392 834 3439 populi
845 3391 1065 3438 superstitione
1077 3393 1109 3426 in
1121 3393 1195 3427 ido-

373 3437 439 3470 ium
451 3440 619 3521 coguersus
638 3440 724 3477 esset.
769 3441 805 3476 Si
817 3441 887 3488 quis
896 3440 985 3475 aliter
994 3441 1195 3481 iudicet‚non

373 3495 492 3520 conten
516 3500 549 3522 0.
857 3504 862 3510 ·
882 3505 883 3508 =

803 128 889 176 IN
957 124 1399 176 EVANGELI
1435 111 1555 175 VM

1221 205 1255 236 16
1288 203 1338 237 Sic
1348 206 1422 238 enim
1436 204 1694 244 Dem.)1³rimam
1705 202 1811 240 salutis
1822 204 1935 241 nossrae
1946 208 2022 242 cau-‘-

1183 250 1246 286 sam
1256 254 1287 285 δι
1296 252 1380 298 quali
1390 250 1516 287 fontem
1526 254 1628 299 aperit
1638 253 1901 301 Christustidque
1913 267 2017 302 nequa

1187 298 1347 334 dubitatio
1357 299 1481 334 haereat.
1516 302 1636 350 Neque
1645 303 1734 337 enim
1748 304 1918 350 tranquilla
1927 303 1972 339 est
1981 315 2016 337 a·

1187 347 1285 382 nimis
1303 348 1420 383 nostris
1448 348 1542 384 statio
1552 349 1586 382 in
1602 362 1664 397 qua
1675 351 1966 400 quiescant,donec
1976 351 2016 385 ad

1187 396 1360 442 gratuitum
1379 397 1444 432 Dei
1454 408 1600 432 amorem
1612 410 1744 434 ventum
1756 400 1810 435 est.
1823 401 1914 448 Ergo
1925 398 2016 434 sicuti

1186 456 1255 477 non
1273 444 1351 479 alibi
1370 444 1466 492 quam
1483 448 1517 479 in
1536 445 1668 481 Christo
1688 459 1758 482 tota
1777 447 1882 482 salutis
1902 447 2017 483 nostrae

1188 494 1321 528 materia
1332 493 1499 539 quaerenda
1509 493 1552 528 est
1563 521 1571 534 ‚
1582 494 1624 529 ita
1634 496 1808 532 videndum
1825 498 1909 531 vnde
1919 497 2020 530 nobis

1181 539 1335 579 Christus
1345 541 1471 577 fluxerit
1481 565 1492 582 ,
1511 555 1564 576 cur
1576 542 1673 577 nobis
1683 545 1808 579 oblatus
1820 545 1854 579 sit
1865 545 2017 579 seruator.

1189 591 1361 636 Vttunque
1370 588 1422 626 hic
1435 590 1583 627 distincte
1594 591 1689 626 nobis
1699 595 1829 629 traditur
1841 607 1848 626 :
1861 594 1949 640 qnod
1959 592 2018 626 sci-

1191 637 1268 670 licet
1278 637 1357 673 fides
1375 640 1408 672 in
1419 638 1584 674 Christum
1596 640 1630 673 iit
1645 642 1799 676 omnibus
1816 643 1962 677 viushca:
1982 645 2016 676 &

1193 685 1367 731 quodideo
1378 687 1475 722 vitan)
1492 688 1630 722 attulerit
1650 687 1793 724 Christus
1804 693 1874 738 qaia
1888 689 2017 726 caelestis

1194 737 1287 768 Pater
1296 746 1398 781 genus
1409 736 1691 784 humanum-quod
1702 750 1797 776 amat,
1808 740 1910 784 perire
1921 744 2017 774 nolit.

1194 787 1305 829 Atque
1314 783 1368 819 hic
1377 785 1461 819 ordo
1474 784 1645 831 diligenter
1655 786 1880 822 notandusrest.
1917 789 1970 821 vbi
1982 800 2016 821 e-

1194 831 1264 864 nim
1275 831 1314 865 de
1325 831 1432 867 salutis
1444 833 1551 880 nostre
1563 834 1688 880 origine
1698 838 1800 880 agitur
1810 857 1820 871 ‚
1832 846 1863 869 vt
1875 837 2018 883 ingenita

1196 878 1241 915 est
1249 891 1366 914 naturae
1376 880 1488 916 nostrae
1505 882 1600 927 impia
1612 882 1869 920 ambitimstatim
1879 884 2020 929 obrepsit

1196 927 1362 963 diabolicae
1380 930 1628 978 imaginationes
1654 936 1694 965 de
1718 932 1859 978 propriis
1887 933 2022 965 meritis.

1197 978 1307 1012 Deum
1318 990 1398 1025 ergo
1409 978 1506 1013 nobis
1523 979 1598 1013 ideo
1610 982 1785 1025 propitium
1797 979 1856 1014 esse
1866 979 2022 1026 fingimus

1198 1025 1271 1072 quia
1282 1024 1399 1072 dignos
1409 1027 1595 1061 indicauerit
1608 1040 1690 1075 quos
1703 1028 1881 1075 respiceret.
1919 1031 2024 1075 Atqui

1198 1073 1357 1119 Scriptura
1373 1075 1494 1121 vbique
1513 1088 1632 1110 meram
1644 1082 1674 1111 δε
1695 1076 1870 1123 simplicem
1883 1077 2024 1111 eiusmi-

1199 1120 1403 1157 sericordiam
1413 1125 1620 1170 extollit‚quae
1631 1125 1742 1159 merita
1762 1126 1872 1159 omnia
1883 1125 2020 1160 aboleat.

1200 1183 1306 1217 neque
1323 1172 1406 1206 aliud
1425 1171 1483 1205 sibi
1493 1173 1607 1206 volunt
1620 1173 1739 1208 christi
1749 1173 1846 1210 verba
1856 1196 1866 1213 ,
1877 1186 1976 1220 quum
1987 1174 2022 1206 in

1201 1220 1268 1253 Dei
1278 1225 1389 1253 ambre
1398 1220 1517 1254 causam
1531 1220 1737 1256 statuitNam
1749 1221 1768 1256 si
1779 1222 1871 1257 altius
1882 1221 2020 1256 conscen

1203 1267 1277 1302 dere
1286 1267 1531 1313 libeat‚Spiritus
1539 1280 1595 1316 per
1605 1281 1642 1303 os
1653 1270 1738 1305 Pauli
1749 1274 1875 1305 ianuam
1885 1269 2022 1310 obserat,

1202 1328 1347 1350 amorem
1365 1315 1451 1351 hunc
1469 1317 1591 1352 docens
1610 1319 1642 1351 in
1660 1318 1827 1365 proposito
1853 1319 2027 1354 voluntatis

1204 1365 1270 1399 eius
1281 1362 1447 1400 fundatum
1459 1363 1530 1400 effe.
1558 1366 1601 1399 Et
1619 1366 1704 1401 certe
1721 1379 1789 1400 non
1801 1365 1972 1401 obscurum
1981 1366 2027 1402 est

1204 1414 1249 1448 ita
1265 1415 1435 1461 loquutum
1454 1413 1514 1450 effe
1531 1413 1695 1449 Christum
1706 1438 1716 1454 ,
1739 1427 1772 1449 vt
1789 1414 2025 1449 hominesare-

1207 1461 1312 1508 spec‘tu
1325 1461 1367 1497 sui
1379 1463 1418 1497 ad
1435 1462 1533 1497 solam
1545 1464 1612 1498 Dei
1624 1463 1873 1498 misericordiam
1886 1464 2028 1499 traduce-

1206 1522 1267 1546 ret.
1277 1513 1351 1546 Nec
1360 1513 1469 1546 Deum
1480 1534 1489 1550 ‚
1507 1511 1581 1559 quia
1591 1512 1710 1558 aliquid
1721 1512 1753 1545 in
1763 1512 1861 1546 nobis
1872 1523 1961 1546 tanto
1973 1511 2033 1546 be-

1207 1559 1326 1594 neficio
1337 1559 1471 1607 dignum
1486 1560 1765 1598 animaduerterit,
1777 1561 1815 1595 ad
1826 1574 1886 1596 nos
1895 1559 2033 1594 liberan-

1207 1607 1266 1642 dos
1276 1607 1409 1643 inductu
1419 1608 1672 1654 pronuntiat:sed
1682 1606 1884 1642 liberationis
1894 1609 2034 1654 gloriam

1207 1654 1242 1689 in
1253 1654 1390 1690 solidum
1400 1654 1536 1702 assignat
1546 1657 1612 1690 eius
1621 1657 1736 1691 amori.
1745 1656 1842 1703 idque
1853 1668 1889 1691 ex
1898 1666 2032 1690 contex-

1208 1713 1242 1738 tu
1253 1704 1365 1738 melius
1376 1703 1550 1739 etiamnum
1563 1713 1667 1752 patet:
1685 1704 1792 1740 datum
1802 1705 1888 1740 enim
1900 1702 1960 1738 ess'e
1970 1704 2032 1737 ho-

1209 1751 1353 1787 minibus
1362 1752 1478 1790 Filium
1488 1751 1629 1792 subiicit,
1641 1765 1681 1786 ne
1690 1755 1806 1799 pereat.
1820 1753 1916 1789 Vnde
1925 1750 2031 1799 sequi-

1209 1810 1260 1836 tur
1270 1823 1280 1839 ‚
1291 1801 1396 1835 donec
1413 1801 1558 1847 perditos
1567 1812 1631 1846 ope
1642 1799 1692 1835 sua
1703 1802 1854 1849 dignetur
1868 1800 2030 1840 Christus,

1210 1861 1326 1883 omnes
1335 1847 1394 1883 effe
1403 1859 1523 1884 aeterno
1535 1848 1633 1883 exitio
1644 1849 1828 1884 destinatos.
1847 1851 1925 1883 Hoc
1935 1850 2031 1884 etiam

1209 1897 1324 1932 Paulus
1333 1909 1370 1931 ex
1381 1897 1502 1942 teporis
1513 1895 1733 1932 circunstantia
1743 1896 1950 1932 demonstrat:
1961 1897 2034 1945 quia
2047 1880 2093 1946 fo·

1211 1944 1331 1981 scilicet
1341 1942 1580 1980 dilectifuimus
1599 1957 1698 1987 quum
1715 1944 2036 1980 adhucinimicieffe-

1212 2007 1282 2028 mus
1292 2005 1347 2038 per
1357 1992 1581 2038 peccatfiSane
1592 1991 1646 2026 vbi
1657 2003 1770 2040 regnat
1778 1993 2039 2039 peccatum,nihil

1214 2038 1418 2075 inueniemus
1429 2037 1539 2086 praeter
1549 2041 1628 2075 iram
1639 2042 1705 2075 Dei
1719 2064 1728 2079 ‚
1741 2054 1809 2089 qua:
1818 2045 1924 2076 morte
1933 2041 2037 2077 secum

1216 2089 1403 2124 trahit.Sola
1412 2088 1512 2137 igitur
1521 2088 1738 2124 misericordia
1757 2089 1802 2125 est
1813 2102 1875 2137 que
1886 2103 1947 2124 nos
1961 2093 2039 2126 Deo

1215 2138 1451 2178 reconciliat,vt
1461 2136 1552 2173 fimul
1566 2137 1708 2172 restituat
1720 2138 1753 2172 in
1765 2138 1982 2174 vitiNidetur
1992 2151 2041 2173 ta—

1218 2199 1292 2221 men
1303 2185 1356 2221 hic
1365 2187 1481 2221 modus
1490 2186 1645 2233 loquendi
1666 2198 1739 2221 cum
1759 2187 1867 2221 multis
1875 2187 2041 2232 Scripturae

1218 2234 1414 2270 testimoniis
1425 2245 1644 2282 pugnamque
1653 2234 1758 2281 primt'i
1776 2234 1879 2270 diuini
1897 2246 1970 2282 erga
1981 2247 2043 2268 nos

1219 2284 1340 2319 amoris
1354 2281 1598 2319 fundamentum
1610 2283 1644 2317 in
1661 2282 1794 2318 Christo
1803 2294 1929 2328 ponunt
1940 2306 1949 2322 ‚
1961 2294 2047 2317 extra

1222 2331 1322 2377 ipsum
1333 2333 1412 2368 vero
1430 2331 1603 2367 ostendunt
1613 2334 1690 2367 Deo
1701 2344 1762 2366 nos
1771 2330 1832 2366 effe
1843 2330 1966 2366 exosos.
1983 2331 2045 2366 Sed

1223 2380 1380 2416 memoria
1391 2381 1542 2416 tenedum
1553 2380 1597 2415 est
1606 2381 1695 2428 quod
1706 2380 1770 2415 iam
1780 2380 1866 2427 prius
1876 2382 1912 2413 ad
1919 2380 2045 2421 monui,

1223 2440 1371 2464 arcanum
1382 2431 1494 2462 amore
1502 2451 1513 2467 ,
1527 2441 1593 2475 quo
1604 2442 1665 2463 nos
1673 2428 1754 2474 apud
1770 2427 1799 2463 se
1809 2430 1992 2475 complexus
2001 2427 2046 2462 est

1224 2474 1354 2509 caelestis
1363 2474 1542 2521 I’ater‚quia
1553 2488 1589 2509 ex
1598 2487 1718 2511 aeterno
1729 2478 1795 2511 eius
1805 2476 1969 2523 proposito
1982 2489 2046 2510 ma-

1225 2523 1448 2560 nat,omnibus
1458 2523 1527 2555 aliis
1544 2523 1641 2557 causis
1650 2523 1813 2569 superiore
1823 2525 1900 2558 effe:
1912 2526 2049 2571 gratiam

1225 2581 1304 2602 vero
1314 2582 1410 2616 quam
1422 2569 1518 2604 nobis
1528 2570 1671 2605 testatam
1682 2570 1741 2606 ess'e
1751 2574 1830 2610 vult,
1844 2577 1875 2606 &
1886 2572 1990 2617 quain
2001 2572 2047 2605 sa·

1227 2617 1303 2651 lutis
1321 2617 1470 2652 fiduciam
1482 2619 1636 2665 erigimur
1652 2641 1663 2657 ,
1682 2618 1700 2653 a
1716 2619 2048 2665 reconciliationevper

1227 2666 1392 2702 Christum
1406 2677 1493 2713 parta
1503 2666 1654 2712 incipere.
1674 2669 1762 2702 Nam
1773 2679 1872 2714 quum
1880 2665 2001 2702 necesse
2012 2666 2050 2702 fit

1229 2714 1274 2749 illi
1286 2713 1522 2761 peccatunieffe
1533 2715 1612 2750 odio
1630 2739 1641 2754 ,
1661 2716 1831 2763 quomodo
1847 2728 1909 2750 nos
1930 2716 1970 2749 ab
1979 2714 2049 2761 ipso

1230 2763 1327 2798 amari
1352 2761 1525 2798 statuemus
1534 2785 1545 2802 ,
1563 2764 1667 2798 donec
1686 2764 1808 2810 expiata
1827 2762 1887 2798 fint
1909 2774 2052 2810 peccata„

1229 2815 1335 2859 quorsi
1346 2811 1487 2859 respectu
1500 2813 1618 2847 merito
1630 2811 1726 2847 nobis
1734 2810 1800 2847 iras
1813 2813 1942 2857 sstur?1ta
1950 2810 2051 2846 Chri-

1231 2861 1269 2896 sti
1284 2859 1469 2906 sanguinem
1478 2861 1680 2895 intercedere
1697 2824 1882 2908 oportgxad
1894 2859 2050 2907 placandfi

1231 2908 1329 2944 nobis
1337 2912 1449 2945 Deum
1457 2933 1468 2949 ‚
1482 2909 1661 2957 priusquam
1681 2910 1764 2944 vllus
1773 2908 1907 2956 patet-'nae
1917 2909 1982 2944 eius
1991 2907 2051 2942 be-

1231 2958 1424 2993 neuolentiae
1440 2957 1545 2993 sensus
1554 2959 1591 2993 ad
1605 2971 1666 2992 nos
1683 2958 1858 3004 perueniat.
1888 2955 2053 2992 Caeterhm·

1232 3017 1266 3040 vt
1280 3007 1387 3052 priore
1396 3008 1473 3041 loco
1482 3007 1648 3046 audimus,
1659 3006 1858 3054 Deum2quia
1868 3017 1927 3039 nos
1936 3003 2053 3050 dilige-

1233 3055 1288 3088 bat
1301 3077 1310 3092 ‚
1328 3056 1444 3089 Filium
1453 3053 1584 3090 suumin
1595 3064 1733 3090 mortem
1744 3061 1804 3101 pro
1822 3052 1918 3087 nobis
1927 3051 2054 3088 dedisse:

1234 3103 1278 3141 ita
1289 3115 1365 3137 mox
1374 3103 1549 3143 subiicitur,
1566 3103 1731 3139 Christum
1740 3114 1836 3139 vnum
1848 3098 1906 3135 effe
1915 3100 1946 3134 in
1957 3113 2057 3148 quem

1234 3151 1366 3198 proprie
1384 3151 1538 3199 respicere
1558 3152 1638 3187 fides
1648 3149 1756 3187 debet.
1794 3149 1896 3184 Dedit
1906 3150 2056 3198 vnigeni-

1237 3209 1306 3233 tum
1323 3221 1335 3238 ,
1353 3211 1385 3234 vt
1395 3200 1536 3249 quisquis
1544 3202 1577 3234 in
1588 3213 1661 3235 eum
1671 3198 1850 3236 crediderit,
1861 3209 1926 3232 non
1935 3208 2069 3244 pereat-¹

1238 3247 1460 3296 Hic(inquam
1469 3251 1605 3292 )re6tus
1619 3248 1664 3284 est
1679 3246 1755 3282 fidei
1774 3245 1906 3280 intuitus
1923 3269 1933 3285 ,
1959 3246 2058 3281 Chri-

1239 3294 1321 3330 stum
1342 3296 1399 3331 fibi
1417 3308 1621 3342 proponere,
1638 3297 1672 3330 in
1689 3306 1755 3342 quo
1774 3295 1840 3328 Dei
1851 3296 1959 3340 pectus
1979 3297 2010 3328 in
2023 3308 2057 3329 a·

1240 3357 1368 3379 morem
1388 3343 1519 3379 effusum
1537 3356 1644 3379 cernat
1677 3357 1688 3377 .·
1737 3341 1802 3377 haec
1812 3341 1904 3377 firma
1913 3347 1945 3377 δε
1957 3342 2059 3378 solida

1241 3390 1356 3427 fultura
1365 3415 1376 3437 ,
1385 3392 1418 3426 in
1437 3404 1578 3427 mortem
1597 3385 1718 3428 Christi
1729 3413 1740 3427 ,
1758 3402 1908 3437 tanquam
1927 3391 2058 3425 vnicum

1240 3441 1375 3487 pignus,
1392 3440 1589 3476 recumbere.
1625 3443 1660 3476 V
1659 3442 1784 3487 m'geniti
1803 3451 1923 3475 nomen
1940 3441 2060 3482 ΐμοιπξὶν

1242 3488 1288 3524 est
1303 3489 1343 3524 ad
1371 3488 1661 3525 commendandam
1677 3487 1780 3524 diuini
1805 3489 1840 3524 in
1855 3500 1917 3522 nos
1926 3486 2062 3570 hamoris

1886 3548 1923 3571 vc
1953 3545 2062 3569 enien-

2003 1320 2006 1324 .
2041 1294 2182 1334 Bphqpff

2072 1886 2120 1907 om.
2130 1884 2152 1912 5.
2161 1877 2190 1909 δέ
