2310 3841
411 204 468 252 136
932 190 1007 233 rN
1071 188 1303 232 ACTA
1347 185 1596 231 APOST.

415 282 507 309 vnum
518 278 551 302 ex
559 265 706 309 discipulis
715 257 796 297 fuiffe
806 258 910 305 putant
917 282 926 298 ‚
937 261 1119 305 cognomine
1128 261 1238 294 Iustum
1251 264 1283 295 δε
1297 262 1421 294 Obliam
1432 282 1442 297 ,
1453 262 1537 294 cuius
1547 259 1697 306 indignam
1707 259 1814 293 caedem
1823 258 1912 292 refert
1920 258 2060 303 Iosephus
2068 261 2138 298 libr,

417 317 607 355 Antiquitao.
641 311 697 342 Sed
711 311 819 341 vtinam
830 308 859 338 in
871 307 1078 350 cognoscendo
1088 307 1211 338 homine
1221 307 1313 349 magis
1323 305 1498 338 laborassent
1518 315 1634 344 veteres
1645 305 1751 347 ‚quam
1768 306 1799 336 in
1815 305 1989 338 celebranda
2006 305 2145 343 fabulosis

422 359 565 396 encomiis
577 357 670 401 ignoti
685 354 814 386 hominis
822 351 1018 384 sanctimonia.
1053 352 1168 383 Puerile
1179 360 1383 382 commentum
1393 351 1432 382 est
1443 350 1540 393 ,qubd
1550 350 1600 382 soli
1614 350 1654 382 fas
1665 350 1748 382 fuisse
1762 350 1864 381 dicunt
1873 349 2025 392 ingrediin
2044 353 2147 388 SanCta

423 405 608 439 Sanctorum,
641 398 774 432 namsiin
785 395 968 439 illoingresi'u
979 396 1074 438 aliqua
1085 395 1200 427 suberat
1211 396 1317 438 religio
1328 415 1338 430 ‚
1349 394 1459 427 fecisset
1477 406 1576 436 praeter
1593 395 1649 426 Dei
1669 398 1777 437 Legem
1796 394 1847 436 qui
1864 405 1924 426 non
1940 405 2002 426 erat
2017 395 2146 432 summus
2185 414 2187 418 ι

425 446 576 484 Sacerdos,
611 444 719 477 deinde
729 443 786 474 hoc
797 441 888 473 modo
899 441 1084 473 vmbratilem
1095 440 1197 482 templi
1209 440 1325 477 cultum
1332 440 1436 471 fouere
1448 439 1670 482 superstitiosum
1683 449 1753 471 erat.
1785 440 1855 471 alias
1865 438 1972 470 similes
1991 442 2094 474 naenias
2111 455 2146 476 ο.

427 496 528 527 mitto.
562 489 725 523 Plurimum
735 494 832 519 autem
842 485 983 518 falluntur
993 504 1002 518 ‚
1013 485 1094 527 qubd
1102 495 1193 516 vnum
1205 495 1240 515 ex
1249 485 1407 517 duodecim
1418 485 1564 526 Apostolis·
1576 482 1657 515 fnisse
1667 494 1785 525 negant.
1827 485 1918 515 Fateri
1937 483 2016 514 enim
2033 496 2148 530 cogun-

429 550 476 573 tur
485 549 552 570 eum
564 534 619 567 esse
630 555 638 570 ‚
649 540 735 577 quem
746 542 805 563 ram
819 530 980 563 honorifice
989 530 1096 561 Paulus
1106 529 1237 560 celebrat
1249 550 1258 565 ‚
1275 538 1305 560 vt
1316 531 1443 570 primum
1453 529 1495 562 illi
1516 529 1626 560 tribuat
1643 528 1740 558 locum
1752 530 1828 559 inter
1844 537 1903 558 tres
1919 527 2049 559 Ecclefiae
2064 533 2148 565 colu.¹

289 587 363 611 mna..
373 585 420 613 b.9.
435 576 833 618 mms,G„11.secundo.Certe
842 585 989 618 nunquam
1000 576 1037 606 ita
1048 572 1224 604 excelluisse:
1235 573 1315 614 supra
1326 566 1482 615 Apostolos
1492 573 1631 615 quispiam
1642 573 1745 603 ordine
1754 570 1889 603 inferior.
1917 583 2062 604 nam-eum
2072 577 2148 608 Pau-

435 629 479 660 lus
488 636 572 658 ornat
583 623 714 666 Apostoli
725 623 821 654 titulo.
864 631 919 651 nec
927 620 1027 651 auditu
1038 619 1159 661 dignum
1171 618 1210 648 est
1220 619 1301 659 qnod
1310 617 1390 650 affert
1409 621 1610 659 Hieronymus
1619 636 1627 650 ‚
1636 616 1771 659 generale
1789 616 1849 646 illic
1867 614 1922 647 esse
1943 628 2053 649 nomen
2063 630 2072 649 ι
2081 619 2149 653 crim

432 683 466 706 ex
476 668 745 713 profeffohtrastetur
753 666 865 697 ordinis
873 665 998 706 dignitas
1008 685 1017 699 ,
1028 672 1174 705 quatenus
1181 663 1246 693 aliis
1254 662 1384 694 Ecclefiae
1393 663 1566 694 doeioribus
1576 661 1709 693 Christus
1719 659 1878 701 Apostolos
1887 661 2020 702 praetulit.
2029 663 2150 702 Adhaeq

432 717 574 749 conivere
584 723 617 746 ex
626 712 761 745 hocloco
770 720 938 753 promptum
952 708 990 739 est
1000 730 1009 744 ,
1021 719 1080 738 non
1090 705 1199 750 vulgari
1209 708 1238 738 in
1261 708 1360 749 pretio
1377 704 1459 739 fuisse
1479 708 1614 738 habiturn
1624 717 1631 736 ι
1642 705 1883 746 quandoquidem
1899 707 1978 737 Petri
1994 708 2083 739 verba
2099 709 2153 741 suo

289 749 354 775 infra
365 760 393 775 ιι.
432 743 565 802 suffravgio
576 759 613 789 fic
623 757 775 789 confirmat
785 773 794 789 ,
806 764 833 786 vt
844 754 872 784 in
883 751 1126 784 eiussententiam
1144 763 1250 783 omnes
1259 752 1414 783 discedant.
1451 753 1487 788 Et
1504 750 1578 783 infra
1599 760 1695 791 capite
1704 762 1742 780 ιι.
1754 750 1859 780 iterum
1876 749 2046 782 videbimus
2061 763 2154 795 quan-

290 788 345 809 ‘'¹⁸'
435 815 496 839 tum
508 802 715 843 Hierosolymae
726 799 852 832 valuerit
863 799 924 829 eius
937 798 1108 828 authoritas.
1154 797 1187 828 ld
1199 795 1306 828 facium
1320 796 1374 828 esse
1382 807 1483 838 putant
1493 805 1610 829 veteres
1620 816 1630 831 ,
1641 793 1721 837 quod
1736 792 1796 824 loci
1814 792 1883 825 effer
1893 795 2059 837 Episcopus.
2069 798 2152 840 atqui

433 848 590 893 probabile
598 858 657 879 non
668 847 708 878 est
717 866 726 879 ‚
741 844 840 875 fideles
851 843 986 873 ordinem
999 841 1014 872 ἓι
1024 841 1141 873 Christo
1151 840 1276 882 positum
1289 863 1298 876 ‚
1308 840 1357 872 suo
1367 842 1490 872 arbitrio
1502 838 1622 873 mutasse
1631 862 1639 870 .
1674 849 1763 881 quare
1775 848 1833 868 uon
1852 837 1958 870 dubito
1974 840 2046 880 quin
2062 840 2150 876 fuerit
2286 842 2293 875 ’ἒ

431 894 541 937 Alphaei
554 892 628 924 filius
639 914 647 927 ‚
661 893 691 922 δε
702 888 935 930 consanguineus
944 886 1052 919 Christi
1064 897 1070 918 :
1083 896 1144 928 quo
1154 884 1231 918 sensu
1242 886 1329 917 etiam
1339 895 1459 917 vocatur
1469 885 1563 917 frater.
1597 883 1755 925 Episcopus
1767 882 1977 922 Hierosolymae
1985 882 2073 916 fuerit
2084 884 2152 918 nec·
2166 898 2172 908 ²
2291 879 2292 882 ¹

430 951 468 971 ne
479 959 488 973 ‚
497 940 524 970 in
535 937 633 969 medio
643 936 789 976 relinquo,
800 943 895 974 neque
904 931 940 962 ad
949 942 1010 962 rem
1021 940 1201 972 magnopere
1212 928 1282 962 facit
1291 951 1300 966 ,
1310 929 1360 960 nisi
1370 932 1451 971 quod
1460 930 1529 961 hinc
1539 929 1616 961 clare
1623 927 1762 959 refellitur
1775 928 1857 967 Papae
1868 927 2149 972 impudentia‚qubd

430 995 465 1016 ex
474 983 576 1015 Iacobi
587 981 686 1023 potius
694 979 779 1021 quim
790 979 867 1008 Petri
880 976 1036 1007 autoritate
1046 975 1336 1017 Concilijdecretum
1345 974 1485 1006 statuitur.
1517 981 1551 1005 Et
1571 971 1650 1004 certe
1668 971 1809 1003 Eusebius
1824 971 1912 1003 initio
1929 971 2049 1005 secundi
2068 974 2150 1010 libri.

429 1029 572 1060 Iacobum
583 1048 592 1063 ‚
602 1024 728 1069 quisquis
738 1023 785 1054 ille
793 1023 911 1054 tandem
924 1019 1022 1055 fuerit,
1034 1019 1245 1059 Apostolorum
1257 1018 1430 1060 Episcopum
1443 1029 1549 1050 vocare
1565 1029 1625 1049 non
1645 1017 1771 1047 dubitat.
1801 1017 1876 1047 Eant
1894 1026 1972 1048 nunc
1982 1019 2152 1050 Romanen-

428 1072 516 1107 ses,&
527 1075 632 1113 Papam
644 1068 656 1100 s
656 1080 722 1100 uum
732 1065 865 1099 vniuersae
873 1063 1002 1096 Ecclesiae
1012 1074 1097 1105 caput
1107 1062 1162 1094 esse
1170 1063 1359 1105 iastent‚quia
1369 1064 1447 1095 Petri
1456 1061 1597 1095 successor
1608 1061 1716 1103 est,qui
1726 1060 1849 1092 alterum
1858 1060 1911 1091 fibi
1923 1060 2036 1103 praeeffe
2055 1062 2150 1105 passus

429 1118 502 1152 est,s1
512 1115 635 1147 Eusebio
646 1114 783 1144 creditur.

468 1165 550 1191 Vtar
575 1168 723 1190 marnes
753 1154 853 1186 audite
863 1153 935 1193 me.)
959 1152 1086 1184 Duobus
1096 1151 1249 1193 precipuis
1265 1151 1407 1182 membris
1424 1149 1533 1182 constat
1551 1148 1654 1180 Iacobi
1672 1149 1780 1180 oratio.
1803 1150 1878 1178 Nam
1890 1148 2019 1189 primum
2037 1151 2147 1184 confir.

428 1216 485 1237 ε’«ῑειι
496 1204 636 1236 Gentium
650 1200 839 1232 vocationem
851 1199 1021 1233 testimonio
1033 1198 1287 1239 ProphetaeAmr-zs
1296 1219 1304 1231 ‚
1317 1195 1424 1227 deinde
1434 1194 1575 1225 admonet
1586 1194 1657 1236 quid
1667 1192 1744 1224 factu
1758 1191 1828 1223 vtile
1839 1193 1870 1224 sit
1879 1192 1914 1224 ad
1925 1192 2086 1227 fouendam
2103 1198 2149 1228 in.

430 1261 473 1281 ter
484 1246 695 1288 fidelestp'acem
707 1247 738 1276 sc
748 1242 936 1276 concordiam
950 1252 998 1276 ‚vt
1010 1252 1108 1273 tamen
1116 1240 1189 1272 salua
1199 1250 1314 1272 maneat
1331 1240 1482 1271 Gentibus
1495 1238 1615 1269 libertas
1627 1258 1636 1272 ,
1656 1248 1709 1268 nec
1727 1236 1834 1268 Christi
1853 1238 1943 1279 gratia
1967 1238 2148 1272 obscur-ems,

434 1294 526 1331 Qibcl
537 1295 637 1323 Petrus
647 1287 695 1321 hic
703 1298 827 1321 vocatur
836 1289 955 1319 Simeon
965 1305 975 1320 ‚
987 1287 1049 1317 sieri
1058 1285 1150 1327 potest
1161 1296 1190 1316 vt
1201 1295 1308 1315 nomen
1321 1285 1378 1314 hoc
1387 1283 1465 1314 varie
1473 1293 1543 1313 tunc
1552 1282 1774 1323 pronuntiatum
1785 1279 1884 1312 fuerit.
1896 1282 1990 1325 de
1999 1283 2069 1316 dicit
2082 1287 2149 1318 Des,

434 1335 556 1369 visitasse
565 1347 596 1367 vr
608 1336 730 1366 sumeret
740 1333 881 1375 populum
891 1341 925 1363 ex
935 1331 1084 1362 Gentibus
1094 1352 1102 1365 ,
1111 1327 1232 1361 refertur
1242 1331 1276 1361 ad
1286 1330 1344 1360 Dei
1355 1327 1580 1359 misericordiam
1591 1348 1601 1362 ,
1610 1337 1665 1368 qua
1676 1326 1811 1368 dignatus
1821 1325 1897 1356 estin
1917 1326 1993 1358 suam
2008 1326 2149 1363 familiam

433 1381 566 1413 asciscere
578 1389 740 1410 extraneos.
774 1380 852 1408 Dura
863 1376 982 1417 quidem
995 1374 1033 1405 est
1043 1375 1175 1410 locutio,
1187 1373 1233 1404 sed
1243 1384 1304 1415 quae
1320 1372 1422 1410 vtilern
1442 1372 1575 1403 continet
1594 1371 1757 1402 docitrinam
1768 1392 1778 1406 ‚
1789 1370 1856 1411 quia
1873 1373 1972 1402 Deum
1990 1373 2148 1406 authorem

434 1427 599 1457 vocationis
608 1424 748 1455 Gentium
760 1419 826 1453 facit
837 1423 884 1457 ,δε
895 1420 959 1451 eius
967 1418 1146 1450 beneficium
1155 1417 1210 1450 esse
1220 1417 1485 1459 pronuntiat‚quod
1493 1415 1602 1448 censeri
1615 1417 1643 1445 in
1654 1416 1717 1446 eius
1728 1415 1840 1456 populo
1851 1417 2067 1457 coeperint,vbi
2075 1418 2150 1451 dicit

434 1471 472 1502 ab
483 1481 519 1501 eo
529 1468 678 1510 susceptas.
707 1466 756 1499 sed
767 1465 886 1497 vlterius
895 1463 1082 1506 progreditur
1092 1462 1160 1494 dnm
1171 1461 1292 1494 visitasse
1303 1461 1418 1497 dicit‚vt
1429 1460 1591 1501 susciperet.
1624 1459 1815 1490 Sensus-enim
1827 1459 1956 1499 est‚Qo
1964 1468 2101 1504 tempore
2118 1474 2152 1495 2-

434 1514 514 1556 uerse
524 1523 603 1545 erant
613 1515 726 1544 Gentes
735 1510 749 1542 ἒι
758 1509 998 1545 Deo‚clementer
1007 1505 1087 1538 fuiffe
1097 1507 1134 1538 ab
1145 1518 1182 1539 eo
1192 1506 1412 1548 respectas:quia
1422 1504 1495 1536 nihil
1505 1505 1583 1536 aliud
1593 1503 1742 1548 possumus
1753 1503 1840 1546 quam
1850 1504 1968 1547 longius
1978 1505 2101 1539 subinde
2110 1507 2150 1540 ab

433 1569 471 1591 eo
480 1558 728 1592 recede1e‚donec
739 1565 791 1585 nos
801 1554 938 1595 paternus
948 1553 1010 1583 eius
1018 1551 1148 1593 aspeCius
1156 1551 1232 1582 vltib
1243 1550 1407 1592 ptaeueniat.

472 1605 509 1633 In
538 1615 578 1632 no
588 1613 670 1632 minc
700 1612 712 1629 s
722 1601 791 1639 vo.)
812 1599 901 1628 Vetus
917 1597 1060 1636 interpres
1076 1595 1166 1627 habet
1176 1596 1298 1626 Nomini
1308 1593 1358 1623 suo
1367 1615 1376 1628 ,
1386 1591 1465 1634 quod
1475 1589 1535 1623 fere
1553 1590 1632 1623 idem
1643 1591 1736 1623 valet:
1747 1601 1912 1634 quanquam
1924 1592 2091 1634 Praepofitio
2101 1590 2149 1624 ὥτ’

434 1645 581 1679 transferri
593 1646 675 1676 aliter
685 1643 794 1685 potest:
809 1651 914 1682 nempe
924 1641 1049 1679 Propter
1060 1649 1167 1669 nomen
1178 1637 1256 1669 suum
1265 1660 1274 1674 ‚
1288 1637 1332 1668 vel
1341 1637 1423 1678 super
1433 1636 1556 1666 nomine
1566 1635 1626 1666 suo.
1635 1645 1690 1666 nec
1701 1635 1775 1666 male
1784 1637 1939 1677 quadrabit
1953 1634 2149 1674 sensus,1³un.'

434 1689 530 1722 datam
543 1691 570 1720 in
579 1690 636 1720 Dei
648 1688 769 1718 nomine
777 1695 825 1716 aut
833 1685 941 1716 virtute
952 1683 1007 1715 effe
1017 1683 1159 1714 Gentium
1171 1681 1286 1713 salutem
1297 1693 1304 1713 z
1317 1692 1371 1712 nec
1381 1681 1448 1711 Deo
1457 1677 1538 1710 fuisse
1548 1679 1626 1711 aliud
1635 1679 1815 1721 propositum
1827 1682 1855 1710 in
1871 1691 1970 1712 earum
1989 1684 2149 1715 vocatione

432 1734 520 1776 quam
531 1732 570 1765 sui
580 1733 709 1763 nominis
719 1730 852 1772 gloriam.
878 1728 958 1770 quod
968 1738 1067 1759 tamen
1080 1727 1172 1768 magis
1180 1725 1311 1759 usitatum
1324 1736 1384 1756 erat
1393 1724 1517 1755 retinui:
1528 1733 1634 1764 nempe
1644 1722 1726 1764 qubd
1740 1723 1803 1754 illas
1819 1733 2014 1757 annumerans
2031 1726 2148 1768 populo

432 1777 485 1810 suo
495 1800 504 1814 ,
514 1775 623 1810 censeri
633 1778 755 1807 nornine
765 1774 814 1805 suo
826 1770 1216 1812 volueritzquemadmodum
1227 1769 1315 1809 paulo
1324 1768 1387 1808 pbst
1397 1768 1512 1798 dicetur
1520 1767 1653 1798 inuocari
1664 1768 1727 1798 eius
1736 1777 1846 1798 nomen
1857 1767 1940 1809 super
1948 1778 2148 1811 omnes,quos
2296 1799 2297 1804 ,

432 1822 464 1853 in
472 1820 626 1853 Ecclesiam
636 1819 711 1851 suam
724 1822 873 1859 aggregat.
897 1814 1080 1845 Aduerbium
1092 1813 1233 1853 temporis
1242 1811 1341 1851 mam
1352 1833 1360 1846 ,
1372 1809 1505 1841 bifariam
1514 1813 1620 1851 exponi
1630 1810 1724 1852 potest
1734 1822 1741 1841 ι
1751 1809 1771 1841 si
1781 1811 1862 1853 legas
1870 1810 2150 1852 primtlmffthabet
2268 1816 2272 1835 ¹
2294 1815 2297 1826 ¹

433 1875 519 1897 vetus
528 1868 674 1905 Interpres
685 1865 714 1893 δε
725 1859 854 1892 Erasmus
865 1881 874 1894 ,
884 1857 977 1888 sensus
987 1859 1039 1889 erit
1049 1878 1059 1893 ,
1070 1857 1245 1888 Cornelium
1255 1878 1264 1892 ‚
1275 1859 1304 1887 δι
1314 1855 1388 1887 alios
1396 1851 1477 1885 fuisse
1487 1854 1562 1896 quasi
1573 1854 1746 1897 primitiam}
1756 1855 1864 1896 quibus
1882 1856 1996 1887 exorsus
2015 1856 2048 1888 sit
2065 1860 2150 1890 Deus

435 1909 576 1940 Gentium
586 1908 784 1940 vocationem.
801 1902 847 1934 sed
857 1902 950 1945 potest
959 1901 1158 1943 comparatiue
1167 1902 1255 1933 etiarn
1267 1899 1435 1942 sumi,quod
1444 1899 1498 1930 iam
1509 1900 1621 1931 editum
1631 1898 1725 1931 fuerat
1734 1899 1879 1941 specimen
1889 1900 2059 1942 adoptionis
2065 1904 2150 1934 Gen-

437 1953 510 1986 tium
522 1953 550 1984 in
561 1953 704 1984 Cornelio
714 1953 745 1982 Sc
756 1949 817 1980 eius
825 1944 1136 1990 cognatis‚priusquam
1147 1945 1292 1978 Barnabas
1303 1947 1334 1977 δι
1344 1942 1450 1976 Paulus
1459 1943 1619 1988 Euangeliii
1628 1943 1778 1976 Gentibus
1786 1944 2080 1989 publicarent.Atque
2097 1948 2148 1981 hic

440 1998 583 2040 posterior
594 1992 688 2028 sensus
703 1994 794 2035 magis
805 1993 876 2024 mihi
887 1989 1038 2032 probatur.

485 2053 510 2078 ις
543 2043 626 2074 Hvxc
651 2050 718 2072 con
729 2050 740 2067 s
749 2051 766 2068 o
774 2050 791 2068 n
800 2048 815 2067 A
823 2048 863 2067 nr
874 2036 964 2068 verba
973 2035 1212 2077 Prophetarum.)
1233 2032 1474 2069 Videmusnunc,
1483 2041 1514 2064 vt
1525 2030 1598 2063 nihil
1607 2029 1660 2063 fibi
1670 2030 1840 2074 sumpserint
1850 2033 1985 2076 Apostoli
1995 2045 2049 2077 pro
2058 2035 2149 2077 irnpe-

442 2086 488 2119 rio
498 2108 506 2122 ‚
517 2086 564 2117 sed
572 2093 740 2118 reuerenter
750 2081 837 2113 secuti
848 2080 903 2112 sint
912 2080 993 2122 quod
1001 2081 1094 2111 verbo
1102 2080 1160 2112 Dei
1169 2078 1358 2121 praescriptum
1367 2087 1428 2109 erat
1437 2088 1444 2109 ε
1453 2086 1549 2118 neque
1559 2076 1670 2119 grauati
1679 2076 1732 2107 sint
1742 2076 1790 2108 vel
1799 2077 1844 2109 sna
1854 2079 1998 2122 dignitate
2017 2080 2148 2113 alienum

443 2131 576 2163 duxerint
587 2150 597 2166 ,
607 2129 634 2161 se
644 2126 775 2172 profiteri
785 2127 937 2166 Scripturae
948 2123 1114 2165 discipulos.
1148 2123 1318 2156 Notandu'm
1329 2122 1527 2164 hincquoque
1535 2121 1575 2151 est
1586 2119 1686 2162 vigere
1696 2119 1792 2152 adhuc
1809 2122 1949 2154 doctrina:
1967 2124 2150 2166 Propheticae

440 2170 520 2207 v'issum
533 2198 542 2210 ‚
550 2185 634 2217 quam
645 2171 813 2216 phrenetici
823 2169 939 2212 quidam
948 2168 984 2200 ab
993 2167 1118 2200 Ecclesia
1126 2170 1320 2203 exterminare
1328 2174 1479 2208 cuperent.
1509 2163 1674 2207 Prophetas
1684 2163 1786 2206 plurali
1801 2177 1927 2198 numero
1946 2168 2032 2199 testes
2041 2169 2148 2204 citans.

439 2218 506 2252 etim
516 2230 604 2251 vnum
614 2219 749 2250 duntaxat
760 2216 858 2247 locum
869 2213 1108 2247 adducamalem
1118 2212 1258 2256 significat
1268 2214 1405 2244 intereos
1422 2208 1590 2242 consensum
1609 2206 1664 2240 esse
1675 2218 1723 2244 ‚vt
1739 2209 1820 2251 quod
1835 2211 1872 2242 ab
1889 2222 1950 2244 vno
1967 2212 2079 2245 dietum
2096 2213 2150 2250 est,

438 2274 595 2295 commune
605 2262 637 2293 sit
646 2260 778 2293 omnium
789 2259 989 2291 testimonium
998 2279 1008 2294 ‚
1018 2267 1087 2300 quia
1098 2268 1156 2291 vno
1166 2268 1269 2290 omnes
1279 2267 1331 2288 ore
1342 2278 1351 2292 ‚
1362 2256 1392 2288 δε
1404 2254 1506 2297 singuli
1516 2251 1592 2296 quasi
1603 2253 1632 2284 in
1642 2253 1776 2285 omnium
1788 2254 1909 2296 persona
1917 2256 2088 2298 loquantur,
2098 2256 2149 2290 vel

438 2308 537 2350 potius
546 2307 668 2349 Spiritus
677 2304 734 2337 Dei
745 2303 917 2345 loquaturin
927 2303 1077 2333 omnibus.
1110 2302 1195 2334 Adde
1207 2301 1288 2344 quod
1296 2300 1378 2332 simul
1396 2299 1520 2331 collefta
1536 2307 1616 2336 erant
1633 2297 1845 2339 Prophetarum
1863 2301 1997 2332 omnium
2016 2301 2149 2338 oracula,

437 2362 470 2384 vt
480 2360 585 2393 corpus
593 2359 682 2382 vnum
693 2347 940 2389 efficerent.quate
948 2345 1099 2382 merab&
1107 2347 1173 2389 apte
1182 2346 1339 2390 Prophetis
1346 2344 1544 2378 communiter
1552 2341 1665 2374 asscribi
1676 2343 1869 2386 potuit,quod
1879 2354 1913 2376 ex
1922 2355 2003 2388 parte
2010 2346 2107 2389 aliqua
2114 2346 2152 2379 li·

436 2395 484 2429 bri
494 2393 615 2427 vniuersi
625 2393 768 2434 sumptum
780 2401 849 2423 erat.

472 2449 503 2470 16
533 2440 687 2471 Posi-haec
695 2437 848 2475 reuertar.)
881 2433 961 2472 Qia
971 2443 1030 2465 non
1041 2433 1143 2464 citatur
1153 2433 1319 2466 adverbum
1329 2430 1521 2473 locus-qualis
1537 2439 1615 2462 extat
1629 2431 1707 2473 apud
1722 2431 1902 2473 Prophetam
1911 2432 2090 2469 ,videndum
2108 2430 2150 2466 est

438 2484 511 2526 quid
521 2483 835 2524 discrepetzquanquam
846 2476 958 2510 necesse
967 2488 1025 2507 non
1038 2476 1076 2507 est
1085 2477 1167 2508 anxie
1177 2487 1314 2509 excutere
1323 2476 1393 2518 quid
1403 2475 1474 2507 sitin
1484 2475 1582 2506 verbis
1592 2474 1844 2512 diuersum‚modb
1854 2477 1967 2510 constet
1976 2478 2150 2511 vaticinium

443 2527 572 2570 apposite
581 2527 614 2559 ad
626 2538 685 2557 rem
695 2524 859 2566 praesentem
871 2531 1044 2564 congruere.
1065 2520 1219 2562 Postquam
1233 2520 1467 2552 instaurationem
1479 2519 1658 2551 tabernaculi
1669 2518 1791 2553 nauidis
1800 2520 1931 2561 promisit
1943 2521 2064 2559 Deus‚se
2075 2533 2150 2565 quod

444 2582 503 2614 que
512 2571 654 2604 faciurum
663 2569 786 2606 addit‚Vt
797 2564 958 2610 possideant
969 2564 1054 2596 [udaei
1066 2564 1198 2605 reliquias
1207 2564 1309 2595 Edom.
1323 2567 1356 2595 ln
1365 2574 1431 2594 toto
1450 2563 1503 2595 illo
1527 2564 1668 2595 contextu
1686 2565 1759 2595 nihil
1778 2565 1847 2595 dum
1858 2567 2070 2607 apparet,vnde
2080 2566 2148 2598 enci

445 2627 533 2658 queat
544 2614 685 2648 Gentium
696 2613 822 2646 vocatio:
831 2610 879 2642 sed
889 2610 968 2652 quod
977 2608 1119 2641 continuo
1130 2606 1192 2650 pbst
1200 2608 1326 2649 sequitur
1335 2608 1589 2649 apudl’ropheram
1600 2608 1637 2639 de
1649 2608 1768 2650 reliquis
1778 2609 2015 2651 Gentiumtsuper
2023 2620 2095 2652 quas
2103 2611 2148 2642 iri⁴

446 2661 601 2692 uocabitur
611 2659 667 2693 Dei
677 2667 800 2690 nomen,
811 2654 908 2697 aperte
917 2653 1045 2685 ostendit
1054 2663 1139 2685 vnam
1150 2651 1216 2683 fore
1225 2662 1257 2683 ex
1266 2653 1366 2683 Iudaeis
1376 2655 1404 2684 δε
1415 2652 1564 2686 Gentibus
1575 2650 1741 2684 Ecclesiam.
1766 2652 1833 2693 quia
1842 2654 1923 2694 quod
1934 2663 2004 2686 tunc
2014 2653 2082 2686 solis
2097 2658 2145 2686 ω.

445 2706 511 2737 daeis
518 2705 662 2747 peculiare
671 2712 731 2734 erat
744 2720 753 2736 ‚
764 2697 1056 2742 promiscuevtrisque
1064 2697 1154 2729 datur.
1177 2699 1209 2728 ln
1219 2697 1323 2729 eodem
1333 2697 1410 2728 enim
1422 2697 1544 2728 honoris
1554 2696 1642 2738 gradu
1652 2696 1764 2728 Gentes
1774 2696 1899 2729 collocat
1917 2700 1997 2729 Deus
2012 2709 2080 2730 cum
2098 2702 2147 2730 [ιιι

446 2749 513 2780 daeis
528 2749 615 2785 ,dum
624 2749 704 2789 super
714 2746 776 2777 illas
790 2754 953 2776 invocnm
963 2742 1026 2774 vult
1037 2751 1145 2773 nomen
1156 2739 1245 2773 suum.
1268 2741 1352 2772 Olim
1364 2740 1413 2772 sub
1423 2741 1537 2772 Dauide
1546 2740 1665 2772 Idumaei
1675 2760 1684 2775 ‚
1695 2738 1845 2781 vicinique
1853 2742 1955 2784 populi
1965 2742 2067 2774 ludaeis
2082 2742 2149 2774 sub-

445 2793 516 2825 ieffl
525 2803 615 2825 erant.
635 2791 683 2824 sed
693 2790 758 2822 crim
768 2787 914 2822 tributarii
925 2785 1012 2817 essent
1021 2787 1132 2828 populo
1141 2786 1218 2822 Dei,
1227 2786 1356 2817 extranei
1366 2786 1556 2817 nihilominus
1568 2795 1648 2817 erant
1659 2785 1694 2816 ab
1703 2784 1838 2817 Ecclesia.
1861 2788 1926 2818 Hoc
1936 2787 2026 2830 igitur
2035 2797 2147 2818 nouum

447 2837 638 2870 &insolitum
648 2858 658 2872 ,
668 2834 748 2878 quod
757 2833 822 2865 illos
831 2834 914 2864 Deus
923 2831 1018 2862 sansto
1026 2829 1139 2873 populo
1146 2829 1276 2861 accenset
1287 2851 1296 2864 ,
1306 2839 1337 2862 vt
1347 2830 1451 2871 pariter
1461 2840 1584 2862 vocetur
1592 2829 1726 2861 omnium
1736 2831 1829 2860 Deus.
1849 2832 1968 2872 quando
1982 2832 2023 2862 ita
2041 2826 2146 2863 ornnes

445 2882 522 2914 inter
530 2882 556 2913 se
567 2882 680 2913 honore
688 2879 789 2922 aequari
802 2887 912 2909 certum
923 2875 971 2907 est.
993 2875 1078 2906 Vnde
1089 2873 1172 2906 facile
1184 2883 1262 2916 patet
1273 2874 1358 2915 quam
1369 2875 1445 2905 bene
1455 2874 1581 2916 praesenti
1591 2873 1724 2905 instituto
1734 2876 1891 2906 conueniat
1901 2875 2053 2917 Prophetae
2068 2874 2150 2906 testi-

445 2926 588 2957 monium.
609 2929 683 2957 Nam
699 2922 933 2955 instaurationem
944 2918 1061 2961 collapsi
1070 2918 1246 2950 tabernaculi
1256 2919 1398 2959 promittit
1409 2921 1490 2950 Deus
1499 2940 1508 2955 ,
1519 2919 1547 2949 in
1557 2929 1612 2960 qua
1623 2920 1735 2950 Gentes
1743 2918 1886 2950 obediant
1901 2930 1994 2962 regno
2010 2919 2147 2955 Dauidis,

447 2978 507 2999 non
516 2969 607 3001 modb
615 2980 647 3002 vt
655 2968 797 3000 tributum
807 2964 936 3007 pendant
944 2986 954 3000 ‚
963 2963 1010 2996 vel
1019 2975 1095 2995 arma
1104 2962 1224 2995 induant
1234 2962 1269 2994 ad
1278 2964 1354 3004 regis
1365 2964 1517 3003 imperium
1529 2962 1595 2994 :sed
1605 2972 1636 2994 vt
1645 2972 1834 2993 communem
1848 2963 1974 2995 habeant
1982 2965 2079 2994 Deum
2092 2985 2101 2999 ‚
2113 2965 2147 2996 δε

446 3011 500 3043 sint
508 3023 564 3045 vna
573 3015 635 3046 eius
644 3010 761 3044 familia.
785 3009 899 3041 Moneri
910 3018 1008 3040 tamen
1017 3008 1115 3051 potest
1125 3006 1238 3050 quaestio
1247 3030 1256 3044 ,
1266 3018 1315 3038 cur
1325 3007 1493 3038 vaticinium
1504 3007 1562 3039 hoc
1571 3007 1658 3038 citare
1668 3005 1818 3042 maluerit,
1828 3008 1914 3049 quim
1923 3007 2012 3038 multa
2021 3007 2075 3039 alia
2088 3017 2154 3049 que

313 3052 413 3105 ξοωζξ
450 3057 725 3099 magisluculenram
736 3056 797 3091 rei,
811 3055 847 3085 de
858 3065 913 3096 qua
922 3053 1015 3095 agitur
1025 3053 1249 3095 ‚probationem
1258 3051 1426 3082 continent:
1437 3052 1517 3083 cuius
1527 3052 1642 3094 generis
1659 3051 1749 3082 multa
1767 3051 1783 3081 a
1806 3051 1897 3082 Paulo
1915 3051 2051 3083 citantur.
2086 3044 2149 3084 Re:

314 3091 383 3139 ,ἶς’
413 3097 420 3105 ’
448 3100 594 3142 spondeo,
603 3101 728 3142 primum
745 3099 900 3141 Apostolos
910 3098 937 3127 in
948 3098 1143 3139 congerendis
1152 3097 1299 3138 Scripturae
1309 3095 1382 3126 locis
1393 3095 1513 3127 minime
1523 3094 1692 3127 ambitiosos
1700 3093 1782 3127 fuisse
1791 3108 1797 3126 :
1807 3095 1854 3127 sed
1863 3096 1891 3126 in
1904 3094 1962 3126 hoc
1970 3106 2060 3126 vnum
2078 3095 2145 3126 sim-

449 3144 565 3187 pliciter
573 3142 907 3185 fuisseintentos‚quod
917 3142 973 3172 illis
983 3140 1048 3173 satis
1065 3139 1206 3184 superque
1222 3150 1415 3180 eratznempe
1432 3150 1464 3171 vt
1481 3140 1557 3171 suam
1574 3139 1738 3182 dofirinam
1756 3139 1914 3181 probarent
1929 3149 1963 3170 ex
1978 3139 2146 3172 verbobei

449 3189 588 3231 sumptam
597 3187 653 3220 esse
664 3187 786 3219 :deinde
795 3186 993 3218 illustriushoc
1002 3184 1058 3217 effe
1068 3185 1237 3217 vaticinium
1246 3186 1338 3225 Amos
1348 3184 1415 3214 dico
1426 3206 1434 3219 ,
1444 3184 1530 3226 quam
1542 3181 1632 3227 vulgo
1642 3191 1767 3226 putetur.
1809 3184 1856 3213 De
1866 3183 2075 3215 instauratione
2093 3184 2146 3214 do-

450 3242 516 3266 mus
524 3235 619 3277 agitur
627 3251 636 3266 ‚
647 3243 708 3273 quae
719 3230 840 3271 collapsa
848 3240 917 3262 erat.
949 3227 1140 3261 miserabilem
1155 3231 1218 3261 eius
1227 3227 1335 3262 ruinam
1349 3227 1482 3259 describit
1491 3229 1649 3268 Propheta.
1681 3229 1758 3269 Ergo
1766 3236 1827 3267 quar
1837 3236 1905 3258 mox
1914 3228 2064 3259 subiicitur
2077 3238 2146 3269 pro-

451 3277 564 3312 missio,
573 3276 743 3317 erigendum
753 3273 809 3306 effe
819 3275 909 3306 rursus
918 3274 1020 3305 solium
1031 3295 1039 3308 ,
1050 3284 1082 3305 ex
1091 3284 1149 3316 quo
1159 3277 1256 3317 Reges
1265 3283 1298 3308 ex
1305 3271 1528 3313 posterisDauid
1537 3273 1686 3304 Gentibus
1704 3273 1865 3311 imperent,
1876 3272 1995 3314 proprie
2008 3272 2043 3303 ad
2058 3271 2146 3303 Chri-
2192 3265 2200 3271 ⁵

451 3321 526 3352 stum
536 3321 650 3362 spec'tat.
681 3323 782 3361 Itaque
792 3319 887 3349 eresto
898 3318 1004 3350 Christi
1016 3328 1109 3360 regno
1120 3340 1128 3353 ,
1139 3317 1217 3360 sequi
1229 3314 1338 3351 necesse
1346 3316 1385 3347 est
1396 3316 1473 3356 quod
1484 3316 1498 3346 :i
1509 3317 1656 3358 Propheta
1666 3315 2079 3348 simuldicitur‚1nuocandum
2089 3316 2144 3347 ess'e

455 3365 512 3394 Dei
523 3375 629 3396 nomen
639 3363 721 3405 super
729 3366 848 3395 Gentes.
880 3365 940 3393 lam
950 3361 1083 3394 videmus
1091 3372 1150 3393 non
1160 3362 1270 3394 temere
1278 3359 1412 3393 selectum
1422 3358 1504 3391 fuisse
1515 3361 1592 3392 hunc
1601 3360 1697 3391 locum
1708 3358 1723 3389 ὲ
1731 3358 1851 3390 tacebo.
1874 3371 1938 3391 nam
1949 3359 1967 3390 si
1983 3360 2067 3392 aliter
2083 3369 2144 3390 non
2239 3394 2242 3395 ⁷
2290 3379 2291 3382 =
2306 3371 2310 3403 ᾗ

457 3409 550 3446 potest
561 3409 693 3440 constitui
703 3408 809 3439 Christi
820 3417 941 3448 regnum
949 3424 958 3439 ³
968 3404 1053 3447 quam
1062 3405 1080 3436 fi
1089 3409 1170 3437 Deus
1179 3407 1275 3449 passim
1286 3406 1439 3436 inuocetur
1448 3415 1498 3445 per
1516 3414 1611 3436 totum
1628 3404 1732 3435 orbem
1745 3425 1753 3438 ‚
1764 3405 1794 3434 δι
1814 3405 1928 3435 Gentes
1944 3403 2104 3436 coalescant
2112 3403 2145 3434 in.

454 3448 580 3482 sanetum
592 3454 652 3483 eius
661 3453 814 3494 populum,
824 3449 976 3482 absurdum
987 3450 1025 3479 est
1035 3460 1081 3480 eas
1090 3449 1256 3492 arceriaspe
1266 3447 1396 3481 salutis&
1407 3449 1533 3480 medium
1543 3450 1682 3490 parietem
1692 3447 1846 3478 concidere
1856 3457 1986 3488 oportet,
1997 3448 2057 3489 quo
2066 3446 2143 3487 sepa·

321 3507 411 3539 lphea,
459 3495 513 3525 rati
522 3495 568 3525 alii
577 3496 612 3526 ab
623 3496 684 3527 aliis
694 3496 742 3527 sub
753 3500 829 3536 Lege
842 3493 962 3525 fuerant.
995 3495 1080 3524 Hunc
1088 3495 1166 3526 enim
1178 3494 1267 3525 finem
1278 3495 1352 3525 inter
1361 3493 1433 3523 alios
1443 3493 1591 3524 habebant
1601 3492 1771 3523 ceremoniae
1779 3512 1789 3526 ‚
1799 3501 1829 3522 vt
1839 3491 1964 3523 {andium
1976 3493 2031 3522 Dei
2048 3500 2146 3532 popu-

321 3548 376 3569 caui·
460 3536 520 3570 lum
530 3538 679 3581 aprofams
688 3540 834 3573 Gentibus
848 3538 1051 3573 discernerent.
1083 3547 1161 3571 nunc
1179 3537 1294 3571 sublato
1309 3536 1491 3574 discrimine,
1508 3536 1688 3570 ceremonias
1703 3545 1823 3578 quoque
1841 3535 1973 3579 abrogari
1991 3535 2141 3565 conuenit.

558 3586 563 3599 s
2014 3578 2143 3610 Primum
