2310 3841
371 166 437 207 ἵῃ
936 144 1007 185 IN
1065 142 1271 185 ACTA
1336 140 1589 184 Aposm

372 222 455 253 dium
475 213 646 261 quibusdam
663 210 803 253 exemplis
814 231 824 247 ‚
832 208 952 242 confeffi
971 208 1034 242 sunt
1046 221 1052 241 :
1069 213 1152 252 Papae
1168 220 1267 242 autem
1287 208 1353 251 iege
1361 227 1370 241 ,
1390 208 1501 242 facturn
1507 220 1535 242 m
1548 207 1755 251 distoriimque
1773 210 1805 241 &
1826 207 2042 251 cogitationum
2059 218 2093 240 ο-

371 265 484 296 mnium
496 258 677 293 enumeratio
695 256 831 299 exigitur.
864 255 932 288 Hos
943 253 1164 298 semellegimus
1181 252 1325 287 confessos
1337 251 1410 285 esse:
1428 257 1510 297 Papae
1519 255 1575 294 lex,
1583 254 1742 296 quotannis
1752 275 1760 288 ,
1781 264 1808 284 vt
1817 252 1990 291 minimum,
2009 266 2094 295 repe·

371 311 394 342 ri
407 310 496 339 iubet.
539 304 584 336 Isti
594 303 696 344 sponte
705 301 895 343 prodierunt:
908 299 984 341 Papa
995 300 1161 330 necessitate
1172 309 1277 340 omnes
1286 298 1412 340 obligat.
1436 302 1528 332 Lucas
1539 299 1645 330 multos
1655 295 1761 330 venisse
1769 297 1838 330 dicit
1847 316 1856 331 ,
1869 308 1927 336 non
1938 309 2052 330 omnes:
2062 299 2093 329 in

371 354 438 396 {ege
449 355 528 391 Pap-a:
538 348 614 380 nulla
624 348 770 388 exceptio.
803 344 850 375 Isti
863 355 960 375 coram
971 343 1101 374 fidelium
1113 354 1195 375 coetu
1215 342 1241 374 se
1251 342 1459 375 humiliarum:
1475 346 1559 384 Papae
1578 343 1666 385 longe
1676 343 1755 374 aliud
1773 343 1939 374 mandatum
1950 362 1959 376 ,
1975 352 2004 374 vt
2014 344 2093 375 clm-

373 397 489 430 culariis
497 391 648 424 susurrisin
658 395 756 422 aurem
767 389 877 432 proprij
889 388 1046 420 sacerdotis
1056 388 1259 420 obmurmuret
1267 397 1416 430 peccator.
1448 389 1491 419 En
1511 387 1598 429 quam
1607 385 1705 420 dextre
1722 388 1900 428 Scripturam
1917 386 1953 417 ad
1967 389 2095 428 proban.

373 441 424 472 das
434 439 494 470 suas
502 435 628 468 fallacias
637 435 874 467 accommodent.

421 495 451 519 19
487 480 521 518 Q
530 493 546 511 v
555 492 568 511 r
590 478 713 512 curiosas
723 481 896 520 artes.)Non
908 487 1021 509 tanturn
1033 477 1069 508 de
1080 477 1202 520 magicis
1210 474 1496 520 praestigiisloquitur
1506 479 1546 506 Lu
1552 483 1598 505 cas
1607 495 1617 510 ‚
1625 472 1670 506 sed
1679 475 1716 507 de
1728 474 1841 506 friuolis
1853 474 2030 506 &inanibus
2038 474 2095 505 stu-

373 527 439 561 diis,
450 536 575 568 quorum
587 525 677 556 maior
687 534 750 565 pars
760 523 916 554 hominum
928 522 1014 553 nimis
1023 533 1053 555 vt
1063 521 1222 563 plurimam
1242 521 1348 562 cupida
1357 520 1405 551 est.
1423 520 1534 562 ωὶίερμ
1543 520 1622 551 enim
1633 521 1719 561 ponit
1729 529 1806 560 :quo
1822 529 1943 550 nomine
1959 530 2095 560 compre-

372 572 507 604 hendunt
515 570 606 602 Graeci
618 578 795 612 quaecunque
803 565 922 598 solidam
933 567 963 598 in
972 566 998 597 se
1007 567 1165 599 vtilitatem
1176 577 1235 598 non
1248 567 1419 596 continent:
1432 565 1480 595 sed
1498 575 1549 606 per
1559 565 1655 595 varios
1664 567 1802 598 circuitus
1813 563 1967 596 hominum
1979 573 2095 595 mentes

373 618 404 649 δε
415 614 504 647 studia
513 614 657 646 inutiliter
667 614 826 645 abducunt.
870 611 949 642 Talis
959 611 998 642 est
1009 610 1165 654 astrologia
1175 611 1323 642 iudiciaria
1333 631 1343 645 ,
1352 620 1438 651 quam
1449 619 1568 645 vocant,
1580 612 1609 640 8(
1619 608 1986 650 quicquid‘diuinationum
1999 607 2050 638 sibi
2062 609 2094 640 in

372 659 505 692 futurum
515 669 633 700 tenipus
640 657 784 694 fabricant
793 655 868 687 stulti
882 656 1032 686 homines.
1057 657 1162 686 Libros
1170 666 1269 687 autern
1280 654 1414 689 exurunt,
1425 664 1454 684 vt
1462 651 1514 684 fibi
1527 656 1556 685 δε
1567 654 1630 685 aliis
1641 665 1668 684 in
1678 653 1827 694 posterum
1836 653 1987 696 praecidant
1997 653 2093 685 ansam

371 705 496 737 errandi.
529 704 564 734 Et
575 703 655 744 quod
665 712 716 734 eos
733 701 823 743 precij
834 701 1005 742 magnitudo
1013 700 1029 730 a
1039 700 1146 732 iastura
1158 710 1217 730 non
1227 709 1360 734 reuocat,
1368 698 1407 730 eb
1421 699 1508 729 meliti
1515 698 1653 740 §pietatis
1662 697 1713 729 suae
1722 697 1846 728 studium
1856 699 1991 739 probant.
2016 699 2094 740 Ergo

370 759 404 781 vt
414 759 506 791 nuper
517 749 677 780 verborum
688 745 840 781 confessio,
851 746 890 777 ita
900 755 976 776 nunc
986 745 1071 776 realis
1079 766 1088 780 ‚
1099 755 1133 776 vt
1144 745 1182 775 ita
1193 744 1306 786 loquar,
1316 743 1331 774 a
1340 747 1414 774 Luca
1423 742 1604 773 describitur.
1629 742 1784 784 Ceterum,
1796 741 1861 773 cum
1877 737 1921 784 αξ)
1928 741 1990 783 spinis
2001 742 2093 774 Giaeci

371 794 518 834 accipiant
527 803 580 834 pro
588 792 720 834 qualibet
729 800 854 822 monetae
862 789 968 831 specie,
982 790 1126 821 incertum
1137 788 1332 827 est‚sestei·tios
1343 799 1379 818 an
1389 789 1524 820 denarios
1534 790 1624 818 Lucas
1640 787 1783 829 designet.
1806 788 1886 828 Qia
1904 798 2001 818 rameii
2013 787 2094 819 ceriti

373 835 655 879 constat,expressam
664 836 701 867 ab
713 846 750 866 eo
760 833 899 866 summam
911 832 992 865 fuisse
1003 855 1013 870 ,
1030 845 1061 865 vt
1071 832 1206 865 sciremus
1221 831 1289 865 forti
1301 832 1400 863 animo
1417 842 1620 872 contemptum
1631 829 1713 862 fuisse
1725 831 1837 862 lucrum
1849 830 2098 864 infidelibusznon

374 881 483 914 dubito
491 883 562 923 quin
572 880 769 916 denarios,vel
779 879 898 921 aliquod
907 880 993 910 etiam
1004 879 1180 921 praestantius
1192 878 1373 909 numismatis
1382 887 1473 920 genus
1483 876 1636 918 intelligat.
1656 878 1852 907 Denariorum
1870 875 1942 907 verb
1951 877 2096 918 quinqua·

374 928 458 970 ginta
467 925 687 962 millia,circiter
696 935 805 956 nouem
817 923 904 954 millia
913 924 1053 954 librarum
1063 925 1186 954 Franciae
1195 933 1320 954 monetae
1330 922 1467 960 efficiunt.
1594 919 1596 923 “

417 984 455 1005 20
490 972 513 1002 Ρ
525 983 543 1001 o
557 982 574 1001 τ
586 981 602 1002 s
619 982 636 1002 κ
651 982 668 1001 τ
680 981 696 1001 s
709 982 728 1001 ix
753 968 932 1008 crescebat.)
946 964 1173 1009 *Particuiawd
1180 966 1281 1006 κρὶιπτς,
1293 965 1432 1008 fignificat
1442 976 1501 996 non
1514 964 1648 1007 vulgares
1657 961 1740 995 fuiffe
1751 963 1834 995 verbi
1844 961 2007 1006 progressus
2016 974 2023 992 ι
2032 975 2064 994 ac
2074 962 2096 994 fi

374 1015 506 1052 diceret,
515 1015 608 1046 inillis
619 1013 812 1047 incrementis
820 1010 977 1054 apparuisse
987 1023 1078 1043 raram
1090 1012 1243 1043 efficaciam
1254 1022 1288 1042 ac
1298 1009 1385 1042 soiiib
1404 1012 1555 1045 maiorem.
1578 1008 1733 1041 Crescendi
1745 1008 1869 1040 verbnm
1881 1009 1918 1040 ad
1941 1008 2098 1040 hominum

373 1071 531 1092 numerum
541 1058 650 1095 resero,
659 1070 692 1090 ac
703 1058 723 1089 si
735 1056 858 1092 dixisset,
871 1057 954 1087 nouis
965 1056 1098 1098 quotidie
1110 1054 1256 1096 discipulis
1267 1055 1397 1087 collectis
1407 1055 1520 1086 audiam
1531 1051 1614 1085 fuisse
1624 1052 1780 1084 Ecclesiam
1790 1073 1802 1088 ,
1811 1053 1877 1094 quia
1889 1053 1947 1084 late
1955 1064 2099 1095 propaga-

372 1114 420 1138 tur
430 1105 573 1141 dostrma.
596 1106 769 1135 Sermonem
779 1101 851 1134 verb
861 1102 889 1131 in
899 1099 1016 1143 singulis
1026 1097 1108 1131 fuisse
1117 1099 1323 1131 confirmatum
1332 1109 1521 1142 interpretor,
1532 1097 1613 1139 quod
1623 1097 1731 1129 scilicet
1741 1098 1771 1127 in
1780 1097 1933 1140 Euangelii
1951 1099 2097 1129 obedien-

370 1151 412 1183 tia
423 1152 454 1182 δε
465 1148 682 1192 pietate,magis
692 1144 840 1190 magisque
850 1142 1132 1187 proficerenr,aique
1142 1144 1264 1176 altiores
1273 1143 1385 1175 radices
1393 1154 1493 1187 ageret
1503 1153 1605 1174 eorum
1615 1142 1698 1173 fides.
1854 1165 1856 1167 >

423 1206 452 1226 21
494 1196 516 1224 P
528 1206 544 1224 ix
555 1204 574 1223 o
587 1204 601 1223 i·
615 1205 631 1222 ο
649 1203 661 1220 s
677 1203 694 1223 v
705 1203 715 1222 1
726 1204 743 1222 T
767 1192 797 1222 in
808 1188 942 1231 spiritu.)
965 1189 1128 1220 Consilium
1139 1189 1224 1220 liuius
1236 1188 1419 1230 professionis
1433 1210 1442 1224 ‚
1453 1189 1576 1230 Spiritus
1593 1187 1727 1217 instinfiu
1737 1184 1896 1227 susceptum
1908 1185 1987 1218 fuisse
1997 1187 2098 1218 ἔθω-

369 1238 401 1271 Ιο
411 1238 559 1280 intelligit:
572 1247 602 1269 vt
611 1236 730 1268 sciamus
739 1246 831 1267 totam
844 1235 906 1266 eius
915 1235 1005 1265 vitam
1015 1233 1049 1265 ad
1060 1234 1115 1264 Dei
1126 1234 1279 1265 arbitrium
1290 1232 1372 1264 fuisse
1381 1231 1583 1273 compositam.
1592 1231 1660 1262 ideo
1671 1241 1768 1262 autem
1779 1233 1916 1271 Spiritum
1926 1231 2028 1263 habuit
2037 1231 2097 1262 sua-

371 1294 436 1316 rum
448 1282 581 1313 omnium
592 1281 742 1312 actionum
752 1278 914 1321 praesidem,
924 1278 1005 1320 quod
1014 1279 1080 1310 &se
1097 1280 1164 1309 Deo
1175 1279 1336 1321 regendum
1349 1278 1459 1308 addixit
1469 1299 1479 1312 ,
1491 1278 1522 1307 δι
1534 1276 1675 1317 pependit
1687 1285 1719 1307 ex
1730 1277 1792 1307 eius
1803 1275 1902 1306 dudio.
1934 1279 1997 1308 Nec
2008 1275 2098 1308 refert

371 1328 453 1369 quod
462 1327 589 1368 sequitur
601 1325 688 1367 panib
697 1324 762 1366 post
773 1345 782 1360 ,
791 1324 837 1366 spe
850 1323 895 1355 sua
903 1322 985 1355 fuisse
995 1321 1160 1354 frustratum
1172 1323 1201 1353 in
1213 1322 1273 1364 ipso
1284 1322 1397 1353 itineris
1410 1320 1543 1352 successu.
1553 1320 1709 1364 saepeeiiim
1727 1319 1792 1351 suos
1811 1319 1913 1351 fideles
1929 1322 2096 1352 moderatur

369 1374 452 1404 Deus
461 1390 470 1405 ,
483 1370 520 1402 de
530 1372 607 1402 exitu
616 1369 694 1411 ipsos
703 1370 810 1402 celans.
821 1380 885 1400 nam
897 1367 934 1399 eb
944 1367 1031 1410 vsque
1041 1367 1101 1399 vult
1113 1366 1165 1398 sibi
1177 1367 1287 1398 habere
1300 1366 1435 1402 *addictos
1445 1385 1455 1399 ‚
1466 1376 1495 1396 vt
1505 1364 1604 1396 ciaufis
1613 1365 1715 1398 oculis,
1727 1365 1795 1396 dum
1808 1375 1852 1396 res
1864 1366 2004 1407 perplexae
2020 1365 2097 1402 sunt,

371 1417 453 1458 quod
465 1427 515 1457 per
524 1416 662 1457 Spiritum
673 1412 752 1446 suum
764 1413 820 1444 illis
830 1413 952 1445 distauit
962 1436 970 1448 ‚
980 1412 1143 1454 sequantur.
1159 1412 1249 1443 Porro
1259 1409 1359 1443 omissi
1368 1413 1399 1442 Se
1410 1409 1544 1452 neglesta
1557 1409 1600 1441 sua
1608 1410 1834 1444 commoditate,
1845 1409 1973 1441 ecclesiis
1983 1412 2097 1451 prorsus

370 1460 454 1492 fuisse
461 1460 611 1491 addictum
623 1457 864 1502 colligitur2qubd
873 1457 1037 1488 Timotheo
1046 1457 1161 1498 optimo
1172 1459 1202 1488 δι
1214 1456 1265 1486 fibi
1276 1456 1414 1488 omnium
1423 1454 1882 1496 fidiss'imo,charissimo,denique
1892 1455 2035 1497 aptissimo
2045 1467 2097 1488 co-

370 1507 444 1537 mite
456 1504 482 1538 se
492 1507 607 1548 priuarc
618 1502 822 1546 malumquam
832 1513 893 1533 non
907 1501 1072 1545 consuleret
1080 1501 1306 1532 Macedonibus.

418 1607 459 1645 23
507 1591 640 1632 Accidit
651 1604 765 1634 autem
776 1591 831 1630 illo
842 1602 991 1644 tempore
1003 1589 1166 1627 tumultus
1175 1601 1246 1624 mm
1258 1589 1398 1640 exiguus
1409 1587 1451 1623 de
1461 1589 1534 1625 via.

425 1665 478 1698 24
520 1656 621 1697 N-am
631 1648 769 1702 quidam
778 1650 913 1685 nomine
927 1640 1221 1697 Demetriusfizber
1228 1645 1450 1696 argentarias,
1463 1639 1671 1696 quifc'iciebat
1681 1640 1819 1707 deltfbra
1830 1653 1993 1699 argentea
2006 1646 2096 1682 Dia..

373 1705 613 1758 nae‚praestahat
628 1700 808 1753 artificibus
816 1717 885 1741 non
896 1704 1054 1756 exiguum
1065 1703 1230 1752 quaefium.
1318 1732 1320 1737 .

414 1774 454 1811 25
499 1759 637 1812 Qibus
648 1757 884 1805 commta&
894 1756 946 1795 his
957 1755 1181 1809 quistmilium
1191 1752 1302 1792 r'erum
1313 1762 1411 1790 erant
1422 1754 1562 1805 opifices,
1576 1753 1680 1795 dixit,
1691 1759 1724 1791 V
1725 1754 1780 1800 iri,
1781 1747 1874 1803 siim
1883 1749 1977 1805 quiid
1983 1769 2028 1792 ex
2038 1753 2099 1793 hoc

369 1819 497 1870 opificio
507 1815 601 1852 nobis
608 1812 892 1867 fitpetitfacultfu:

413 1867 470 1911 ⁷26
516 1877 561 1909 Et
572 1869 701 1908 videns
713 1871 752 1914 ὠ
763 1868 887 1907 auditui
896 1863 985 1920 qubd
993 1862 1174 1918 nonsblhm
1185 1861 1257 1919 Eph
1263 1862 1313 1917 esi,
1319 1860 1386 1915 fid
1393 1863 1478 1917 pen?
1480 1876 1545 1918 per
1558 1873 1665 1902 totam
1673 1862 1813 1914 cAfiam
1823 1864 1946 1902 Paulus
1959 1863 2100 1922 hir-per.

359 1927 518 1983 fi‘astss&
529 1940 602 1965 auct
610 1927 652 1963 tit
665 1923 805 1964 multam
816 1923 961 1970 turbam,
974 1924 1102 1968 dicens,
1113 1920 1206 1977 qubd
1212 1920 1355 1975 nonfint
1365 1921 1412 1974 dy*
1422 1925 1480 1975 qui
1491 1920 1746 1972 manibmfiunt.

414 1997 463 2033 27
508 1991 546 2022 N
548 1997 592 2022 an
593 1979 704 2035 so'ltim
713 1990 823 2020 autem
839 1979 902 2019 hac
901 1993 983 2036 pars
991 1980 1084 2018 nobis
1096 1983 1134 2017 in
1139 1977 1328 2034 periculum
1337 1981 1450 2023 venit,
1458 1990 1502 2014 ne
1514 1973 1716 2030 reprobetur:
1726 1975 1853 2015 verbm
1863 1980 1966 2018 etiam
1973 1993 2017 2018 ne
2026 1995 2100 2019 ma-

366 2056 439 2097 gnae
454 2040 521 2079 deae
534 2043 652 2079 Diana
667 2040 829 2093 templum
837 2050 897 2091 pre
905 2034 1015 2075 nihilo
1028 2035 1207 2081 habeatur,
1211 2032 1434 2088 futuru'mque
1435 2034 1481 2088 fit
1491 2061 1502 2081 ,
1512 2044 1554 2071 vt
1566 2033 1667 2071 etiam
1678 2033 1873 2073 destruatur
1889 2038 2048 2076 maiestas
2061 2051 2100 2076 e-

370 2102 435 2146 im,
446 2111 547 2150 quam
560 2106 630 2134 tota
640 2095 716 2149 Afia
728 2095 766 2140 ά·
784 2093 868 2133 erbis
877 2094 964 2132 colit.
1221 2143 1223 2146 ι

422 2156 469 2193 28
507 2158 542 2192 H
546 2157 571 2192 bs
582 2149 706 2192 audito}
722 2151 839 2202 repleti
840 2148 920 2201 fimt
931 2148 1035 2194 ira&
1048 2149 1322 2187 exclammerunt
1331 2145 1489 2194 dicentes,
1500 2152 1652 2198 cMagna
1664 2147 1777 2184 Diana
1785 2144 2008 2201 Ephtfiorum.

415 2222 443 2249 23
474 2210 500 2239 T
513 2219 530 2239 v
552 2219 572 2238 m
589 2219 606 2238 v
624 2221 639 2239 i.
652 2220 669 2239 ‘i-
682 2220 699 2239 v
717 2219 730 2236 s
751 2206 788 2237 de
798 2206 879 2244 via.)
905 2208 952 2237 De
960 2207 1018 2236 Viae
1028 2205 1150 2236 nomine
1163 2201 1305 2235 admoniti
1324 2201 1379 2234 sint
1397 2201 1551 2236 Lectores,
1563 2199 1612 2234 hic
1622 2201 1712 2244 accipi
1731 2212 1785 2244 pro
1801 2203 1929 2244 eoquod
1946 2205 2039 2236 Latini
2050 2206 2101 2237 Se-

376 2251 452 2285 etam
463 2262 590 2285 vocant:
603 2249 878 2291 GraeciPhilosophi
895 2249 1029 2281 Haerefin.
1041 2248 1087 2280 sed
1096 2250 1164 2291 quia
1174 2250 1202 2279 in
1214 2245 1338 2280 Ecclesia
1349 2248 1426 2284 Dei,
1436 2247 1487 2278 vbi
1497 2246 1565 2278 fidei
1577 2246 1671 2278 vnitas
1679 2257 1800 2289 regnare
1809 2245 1913 2284 debet,
1929 2249 2002 2279 nihil
2012 2250 2104 2292 magis

375 2297 510 2328 odiosum
522 2296 562 2327 est
571 2297 617 2327 vel
629 2296 717 2328 etiam
726 2296 900 2330 execrabile,
913 2295 999 2336 quam
1010 2294 1058 2324 suo
1068 2304 1216 2335 quemque
1233 2293 1374 2323 arbitratu
1395 2292 1505 2333 eligere
1513 2292 1594 2332 quod
1611 2289 1744 2332 sequatur
1754 2302 1762 2322 ι
1772 2301 1889 2330 nomen!
1899 2294 1978 2334 quod
1995 2293 2103 2326 meffitb

375 2341 454 2383 apud
463 2341 530 2382 pios
538 2338 647 2370 infame
656 2342 836 2371 erat‚Lucam
847 2337 949 2381 fugisse
960 2337 1093 2370 existimo
1103 2357 1112 2370 ,
1124 2340 1150 2369 δι
1165 2337 1254 2377 phrasi
1266 2337 1412 2368 Hebraica
1421 2337 1473 2366 Via
1482 2334 1603 2376 posuisse
1615 2345 1669 2375 pro
1680 2335 1921 2376 institut.o.Qod
1931 2337 2002 2369 verb
2011 2339 2045 2369 ad
2056 2339 2100 2370 rei

375 2384 517 2421 sum'mam
527 2382 807 2424 pertinet,videmus
819 2384 904 2423 quam
916 2380 1038 2413 mirifice
1046 2380 1157 2411 seruum
1168 2381 1246 2412 suum
1255 2380 1405 2412 Dominus
1416 2379 1727 2419 exercuerit.Sperabat
1739 2378 1805 2411 cum
1819 2381 1848 2414 se
1855 2381 1891 2411 ad
1903 2382 1957 2414 iter
1966 2384 2103 2425 accinge-

377 2427 592 2463 ret2Ecclesiam
601 2427 664 2459 fore
674 2429 703 2458 in
712 2425 762 2458 suo
772 2425 890 2458 discessu
899 2426 1084 2467 tranquillam
1097 2447 1105 2458 ‚
1116 2435 1185 2455 ecce
1195 2435 1292 2455 aurem
1311 2423 1406 2454 subito
1426 2423 1554 2454 exoritur
1563 2423 1706 2454 tumultus
1716 2446 1724 2458 ‚
1736 2425 1813 2455 vnde
1831 2426 1952 2458 minime
1967 2427 2103 2459 timebat.

378 2473 539 2508 Caeteriinu
549 2474 578 2503 in
587 2471 744 2503 Demetrio
755 2480 835 2512 patet
845 2471 931 2512 quam
943 2471 1027 2501 noxia
1041 2468 1073 2499 fit
1085 2468 1170 2506 pestis
1181 2470 1307 2500 auaritia.
1318 2479 1382 2498 nam
1394 2478 1469 2498 vnus
1480 2467 1572 2497 homo
1584 2467 1702 2509 quaestus
1711 2467 1750 2499 sui
1760 2470 1863 2510 priuati
1874 2469 2103 2514 causa,magnarn

378 2520 483 2552 vrbem
494 2517 636 2548 seditione
647 2516 766 2548 turbare
776 2526 836 2545 non
859 2515 985 2546 dubitat.
1010 2511 1146 2553 Opifices
1163 2522 1259 2542 autern
1272 2534 1280 2548 ‚
1292 2513 1341 2553 qui
1360 2511 1440 2542 velut
1452 2509 1529 2542 faces
1547 2512 1630 2542 abeo
1648 2512 1792 2549 aoeensae,
1804 2515 1973 2547 incendium
1993 2517 2105 2558 vbique

379 2562 535 2606 spargunt,
546 2561 634 2593 nobis
645 2563 827 2591 documento
837 2557 900 2590 sunt
923 2578 932 2593 ‚
954 2559 1039 2599 quani
1062 2556 1146 2587 facile
1162 2554 1193 2586 sit
1210 2556 1347 2586 homines
1370 2554 1501 2586 sordidos
1525 2559 1554 2587 δι
1566 2557 1662 2599 ventri
1672 2557 1791 2588 deditos
1807 2557 1843 2587 ad
1855 2560 1981 2599 quoduis
1992 2558 2103 2591 facinus

379 2607 553 2649 impellere:
565 2604 717 2647 pracsertim
728 2603 752 2635 fi,
766 2613 799 2634 ex
809 2603 943 2634 illiberali
965 2601 1068 2644 quaestu
1084 2603 1111 2630 in
1122 2600 1199 2631 diem
1211 2601 1315 2630 viuunt
1325 2622 1332 2634 ‚
1351 2602 1381 2631 δι’
1392 2600 1453 2640 spes
1464 2602 1533 2631 lucri
1545 2602 1600 2631 il.'.s
1617 2601 1746 2645 eripitur.
1781 2602 1876 2632 Porrb
1885 2604 1912 2633 iri
1923 2604 1976 2634 hac
1987 2604 2103 2635 historia

380 2652 479 2684 viuam
489 2651 637 2682 cernimus
648 2649 792 2690 temporis
804 2648 891 2678 nosti-i
901 2647 1040 2688 effigiem.
1070 2644 1271 2676 Tumultuatui
1284 2646 1453 2675 Demetrius
1463 2655 1526 2674 cum
1539 2642 1584 2676 sua
1596 2646 1762 2686 manu:quia
1770 2644 1788 2674 si
1800 2645 1917 2677 tollatur
1925 2646 2100 2689 superstitio,

381 2705 418 2727 ex
427 2706 484 2737 qua
494 2695 629 2737 quaestum
641 2692 737 2725 facere
746 2692 820 2724 soliti
830 2691 1052 2732 suntopificium
1065 2689 1190 2730 ipsorum
1209 2689 1356 2720 concidet.
1371 2699 1442 2730 ergo
1452 2699 1510 2719 non
1521 2689 1601 2720 secus
1617 2701 1650 2720 ac
1665 2700 1720 2731 pro
1732 2688 1791 2720 vita
1807 2689 1851 2720 sua
1863 2690 2051 2733 depugnant:
2065 2703 2101 2723 ne

380 2741 552 2772 Demetrius
561 2739 660 2780 opima
668 2738 760 2778 praeda
771 2758 780 2771 ,
788 2736 835 2777 aiij
844 2735 1020 2778 quotidiano
1029 2734 1108 2766 wetti
1118 2743 1277 2774 priuentur.
1310 2733 1408 2763 Hodie
1417 2736 1481 2774 quis
1498 2734 1577 2764 zelus
1587 2736 1707 2775 Papam,
1718 2743 1856 2765 cornutos
1866 2734 2104 2776 Episcopos‚Mo-

381 2785 493 2816 nachos
502 2804 511 2818 ‚
522 2786 554 2815 δε
563 2793 657 2815 totam
669 2782 750 2813 Cleri
762 2781 874 2821 Pap-ilis
886 2780 1041 2810 colluuiem
1056 2779 1188 2820 instigat?
1207 2776 1268 2809 imb
1278 2777 1342 2818 quis
1353 2787 1404 2807 eos
1415 2779 1539 2820 exagitat
1550 2776 1628 2808 furor
1639 2797 1649 2812 ,
1663 2788 1691 2809 vt
1701 2787 1760 2808 tam
1770 2778 1874 2810 acriter
1885 2781 2047 2822 Euangelio
2058 2792 2103 2812 re-

379 2828 492 2860 sistant?
515 2827 625 2859 iactant
637 2827 758 2869 quidem
769 2823 795 2855 se
813 2836 867 2867 pro
877 2824 934 2856 fide
943 2822 1086 2855 catholica
1096 2832 1213 2854 certare.
1225 2832 1279 2852 nec
1290 2821 1359 2852 verb
1371 2823 1539 2852 Demetrius
1559 2821 1682 2854 honesto
1699 2831 1834 2866 praetextu
1846 2824 1962 2856 carebat
1974 2846 1983 2859 ‚
1992 2825 2101 2856 cultum

379 2873 481 2903 Dianae
491 2871 668 2904 obtendens.
701 2869 809 2902 Verum
820 2868 929 2911 resipsa
941 2869 1064 2902 clamat,
1080 2878 1138 2898 non
1148 2877 1205 2898 tam
1224 2877 1277 2908 pro
1287 2865 1425 2907 arisipsos
1436 2888 1444 2901 ‚
1462 2867 1548 2908 quam
1559 2878 1613 2907 pro
1629 2866 1703 2897 focis
1723 2877 1854 2908 pugnare
1867 2877 1913 2899 :vt
1930 2868 2098 2900 scilicetcu-

378 2915 469 2947 linarii
481 2916 608 2947 habeant
624 2915 703 2946 bene
712 2915 867 2945 calentem.
899 2912 1004 2944 Foedas
1019 2912 1049 2942 in
1068 2914 1165 2942 Deum
1182 2910 1373 2952 blasphemias
1389 2932 1398 2945 ,
1418 2911 1508 2941 modo
1526 2910 1599 2941 nihil
1618 2910 1750 2942 minuant
1766 2920 1799 2949 eit
1819 2922 1922 2942 eorum
1941 2915 2099 2954 prouentu,

378 2959 492 3002 placide
501 2957 808 2991 dissimulant-tantum
820 2958 848 2989 in
857 2959 974 2989 tuendis
984 2956 1252 2997 superstitionibus,
1265 2965 1325 2997 quat
1335 2954 1369 2985 ad
1380 2953 1483 2994 farinas
1492 2955 1590 2986 valent
1602 2977 1610 2990 ,
1620 2954 1682 2986 sunt
1699 2953 1847 2996 plusquam
1861 2957 2100 2988 ammorrproin-

379 3004 418 3036 de
451 3003 558 3035 talibus
581 3003 721 3044 exemplis
737 3001 901 3038 admoniti,
915 3002 977 3033 vitae
994 3011 1088 3044 genus
1106 2999 1216 3042 eligere
1231 2999 1369 3030 discamus
1380 2999 1517 3030 doctrinae
1533 2999 1639 3030 Christi
1657 2997 1903 3031 consentaneum:
1922 3011 1958 3031 ne
1968 3000 2040 3031 lucri
2050 3011 2100 3032 cu·

378 3048 488 3090 piditas
499 3057 554 3078 nos
564 3047 598 3078 ad
610 3048 733 3088 impium
746 3049 775 3078 δι
785 3044 927 3079 nefaaium
938 3055 1085 3078 certamen
1095 3054 1186 3076 armet
1196 3054 1281 3086 atque
1291 3043 1403 3075 incitet.
1416 3044 1464 3084 qui
1479 3043 1551 3075 verb
1561 3055 1612 3085 per
1622 3042 1763 3074 inscitiam
1774 3054 1806 3074 ac
1815 3055 1942 3075 errorem
1952 3065 1961 3079 ,
1970 3044 2016 3075 vel
2025 3045 2060 3075 ad
2070 3056 2100 3077 a-

379 3092 484 3135 liquod
492 3090 643 3134 opificium
653 3089 789 3123 vitiosum
802 3089 908 3131 delapsi
918 3089 980 3122 sunt
989 3111 998 3126 ,
1009 3090 1053 3120 vel
1064 3088 1118 3120 alia
1126 3099 1213 3130 praua
1226 3088 1375 3129 &impura
1390 3088 1454 3118 vitae
1465 3089 1577 3119 ratione
1586 3086 1651 3119 sunt
1661 3084 1796 3128 impliciti
1809 3097 1816 3118 ε
1828 3098 1923 3120 tamen
1934 3087 1949 3118 a
1962 3087 2100 3131 sacrilega

378 3138 430 3168 ista
439 3135 603 3173 temeritate
611 3135 663 3166 sibi
673 3136 959 3174 caueant.Qantum
967 3134 1039 3166 verb
1051 3134 1086 3165 ad
1096 3134 1161 3175 pios
1171 3133 1306 3164 destores
1315 3131 1432 3172 speCiat,
1444 3132 1553 3163 discant
1564 3133 1600 3163 ab
1610 3132 1669 3163 hoc
1679 3131 1976 3175 exemplo,nunquam
1987 3131 2039 3164 fibi
2049 3134 2100 3165 de-

378 3179 443 3212 fore
453 3177 736 3212 aduersariosidonec
744 3179 783 3210 sui
795 3178 992 3220 abnegatione
1001 3188 1082 3209 totus
1091 3176 1216 3209 mundus
1225 3186 1324 3218 pacem
1335 3174 1526 3217 offerattquod
1537 3176 1641 3208 scimus
1651 3186 1797 3218 nunquam
1807 3174 2027 3217 futurquia
2037 3179 2097 3208 De—

378 3226 485 3256 metrio
495 3226 526 3256 &
536 3221 707 3264 argentariis
715 3222 846 3264 questum
856 3224 976 3265 preripit
987 3222 1119 3253 doctrina
1128 3219 1334 3257 Pauli‚furiose
1342 3219 1491 3261 prosiliunt
1500 3220 1537 3252 ad
1548 3231 1611 3252 eam
1624 3220 1823 3252 delendam-an
1835 3229 1893 3250 non
1905 3220 1982 3251 idem
1995 3220 2097 3253 facturi

376 3266 452 3303 sunt,
462 3268 569 3309 quibus
577 3266 768 3309 Euangelium
779 3265 989 3298 aduersabitur?
998 3266 1088 3307 Atqui
1099 3276 1188 3296 nemo
1197 3265 1298 3301 est‚cui
1309 3275 1366 3295 non
1376 3263 1408 3294 sit
1419 3264 1548 3295 bellandi
1557 3263 1751 3296 occafio.iiam
1761 3273 1866 3294 omnes
1877 3266 1968 3296 carnis
1977 3264 2096 3339 affligas

376 3313 445 3343 Deo
455 3312 577 3343 inimici.
585 3313 628 3342 Ita
636 3309 696 3341 fieri
709 3307 822 3341 necesse
832 3309 915 3345 est,vr
924 3319 1074 3352 quotquot
1086 3309 1115 3340 in
1127 3309 1239 3341 mundo
1249 3318 1371 3352 regnant
1381 3308 1473 3338 carnis
1482 3308 1669 3350 cupiditates,
1681 3307 1805 3339 t0tidem
1818 3306 1870 3338 sint
1880 3310 1980 3340 armati
2000 3309 2038 3339 ho
2066 3319 2097 3340 es

380 3354 416 3385 ad
427 3353 612 3386 resistendum
624 3353 752 3386 Christo.
761 3355 839 3394 Saepe
850 3354 970 3395 quidem
985 3355 1142 3395 continget
1160 3353 1279 3385 fraenum
1300 3352 1535 3384 diuinitus-injici
1547 3352 1740 3394 ‚neimprobi
1759 3352 1993 3387 tumultuentur,
2009 3354 2096 3384 vela-

378 3397 462 3439 perte
470 3396 590 3428 saeuiant.
600 3398 731 3440 quisquis
741 3407 838 3430 tamen
851 3397 984 3430 subactus
994 3408 1054 3430 non
1066 3398 1106 3427 est
1115 3398 1149 3428 ad
1159 3397 1310 3433 ferendum
1321 3398 1421 3438 iugum
1433 3396 1539 3427 Christi
1551 3418 1560 3432 ‚
1569 3396 1679 3438 semper
1689 3395 1812 3426 inuisum
1825 3397 1886 3426 eius
1900 3397 2096 3438 Euangelium

378 3440 512 3473 habebit.
528 3443 571 3471 Ita
581 3441 759 3474 statuendam
770 3441 878 3482 est,piis
889 3444 919 3473 &
930 3433 995 3481 fidifs
1004 3440 1178 3474 doctoribus
1188 3453 1254 3473 curn
1266 3440 1420 3482 multiplici
1432 3439 1556 3474 hostium
1568 3441 1651 3480 copia
1660 3439 1771 3480 semper
1780 3442 1932 3482 negotium
1945 3440 2016 3472 fore.
2033 3443 2096 3472 De-

377 3485 461 3517 metri
464 3486 474 3526 j
483 3484 627 3529 cupiditas
637 3486 731 3527 palam
741 3495 859 3529 apparet
869 3496 877 3518 ε
886 3485 1007 3520 interim
1017 3495 1118 3519 tamen
1127 3485 1278 3520 sciendum
1287 3485 1326 3517 est
1335 3486 1442 3517 Satanae
1449 3482 1529 3517 fuisse
1541 3483 1699 3519 flabellum,
1708 3484 1759 3525 qui
1769 3484 1865 3516 modis
1873 3486 2094 3558 omnibusP3u-

2009 3528 2028 3558 li
2061 3538 2094 3558 ο-
