2310 3841
402 139 466 175 126
970 125 1042 166 IN
1098 122 1304 166 ACTA
1367 121 1622 165 APosT.

401 199 535 234 tenebris
545 199 576 230 δε
586 206 681 229 morte
690 193 784 236 vagati
796 191 990 236 sunt2perinde
999 192 1040 224 est
1049 203 1082 225 ac
1091 191 1112 224 sl
1121 193 1225 226 restare
1235 192 1264 224 in
1275 201 1343 223 toto
1353 192 1444 224 infido
1455 202 1576 234 negaret
1585 191 1672 223 vllam
1680 200 1754 222 verae
1763 190 1884 223 rationis
1893 189 2121 229 scintillamNna

373 240 381 251 '
393 246 486 289 igitur
498 254 568 277 verae
577 238 800 284 pietatisregula
809 238 893 273 est‚vt
903 238 1016 270 abiecta
1024 239 1106 269 omni
1116 238 1228 280 ingenij
1237 237 1277 268 sui
1287 236 1429 271 fiducia,se
1439 247 1519 268 toros
1527 239 1597 267 Deo
1604 236 1736 267 subiiciat
1747 235 1957 277 fideles.neque
1970 239 2048 268 enim
2062 240 2122 271 aliz
2157 256 2160 260 ⁴

395 297 455 323 nuc
465 290 527 321 sunt
538 288 588 318 vioe
599 286 752 317 hominum
764 284 852 325 quam
861 284 944 313 olim:
952 285 982 315 &
992 284 1126 314 omnium
1135 292 1302 324 temporum
1312 283 1444 322 exempla
1454 281 1562 313 docent
1573 280 1659 323 quam
1670 279 1769 311 misere
1779 281 2048 322 cacutiant,quibus
2059 296 2124 315 ver-

398 334 470 366 bum
482 332 540 364 Dei
550 342 609 362 non
622 331 767 372 praelucet.
787 326 947 369 quanuisse
957 326 1120 358 existimant
1129 329 1258 368 reliquos
1268 325 1440 367 perspicacia
1449 324 1589 366 superare.
1612 326 1715 356 Statim
1732 325 1769 355 ab
1787 326 1876 357 initio
1897 327 1997 356 mundi
2008 349 2016 361 ,
2028 339 2123 359 maror

401 388 467 421 pars
478 378 513 408 ad
524 377 616 407 varias
625 373 842 416 superstitiones
852 375 882 404 δι
894 382 999 413 prauos
1008 371 1103 406 cultus
1111 371 1223 412 delapsa
1233 370 1282 401 est.
1305 369 1490 401 Vndeid?nifi
1501 369 1568 411 quia
1577 371 1711 412 proprias
1720 371 1865 412 imagines
1873 369 1949 410 sequi
1959 369 2055 402 libuit?
2063 378 2123 415 qun

402 422 515 454 diluuio
526 420 618 451 videri
629 417 723 461 posset
735 427 906 459 repurgatus
916 417 1008 450 orbis,
1020 415 1113 448 statim
1126 415 1251 457 relapsus
1262 414 1340 446 estin
1351 415 1452 446 eadem
1462 415 1541 446 viria.
1562 425 1635 456 ergo
1645 412 1716 444 nihil
1728 424 1820 456 magis
1830 413 2044 454 exitiale2quam
2055 418 2126 459 pru:

404 466 509 497 dentice
519 466 617 495 nostrat
627 463 722 495 innixi.
746 460 890 493 Cat-terum
901 472 949 492 cur
961 459 1052 502 passus
1060 460 1092 491 sit
1101 459 1291 492 Deusrandiu
1302 461 1444 490 mundum
1453 469 1547 490 errare
1556 479 1566 493 ‚
1576 457 1655 489 causa
1673 455 1722 488 hic
1733 458 1749 489 a
1763 459 1853 489 Paulo
1869 460 1901 490 ἃ
1918 459 2046 491 Barnaba
2061 472 2122 493 non

404 510 547 543 redditur.
570 512 599 540 δι
611 508 688 539 certe
705 506 760 537 sola
772 508 827 538 Dei
838 506 972 538 voluntas
984 514 1042 535 non
1055 504 1134 536 secus
1144 505 1231 535 nobis
1239 504 1400 535 :estimanda
1409 503 1465 538 est,
1475 513 1507 534 ac
1516 501 1678 534 summalex
1691 503 1841 544 aequitatis.
1870 504 1938 534 Deo
1957 503 2075 544 quidem
2084 515 2132 537 >00

405 557 497 597 prima
508 552 619 595 semper
629 551 770 583 factorum
783 552 897 581 suorum
909 551 984 581 ratio
997 549 1105 580 constat
1116 562 1124 579 :
1135 548 1182 580 sed
1193 552 1258 591 quia
1269 548 1357 579 nobis
1364 547 1431 589 saepe
1441 549 1479 579 est
1489 547 1657 578 abscondita
1667 565 1676 579 ‚
1686 547 1814 577 nostrum
1825 546 1865 578 est
1873 557 2042 578 reuerenter
2049 559 2127 581 artaz

409 610 445 630 na
455 600 518 630 eius
527 596 643 629 consilia
656 597 760 626 mirari.
783 596 942 627 Fatendum
953 594 1072 636 quidem
1082 593 1123 624 est
1133 615 1142 629 ‚
1153 595 1202 624 tali
1212 593 1332 623 interitu
1341 591 1462 635 dignum
1472 591 1553 623 fuisse
1564 591 1716 622 mundum:
1727 589 1772 620 sed
1781 601 1831 621 cur
1840 592 1924 622 vnius
1932 590 2018 622 seruii
2028 593 2127 634 potius

385 636 496 693 {quarn
508 642 630 673 aliorum
643 641 773 671 misertus
784 639 870 671 fuerit
881 642 963 670 Deus
973 659 982 674 ‚
995 649 1053 669 non
1064 639 1118 669 alia
1129 638 1224 679 potest
1231 637 1333 669 adduci
1344 641 1418 668 ratio
1427 659 1437 672 ,
1447 636 1497 667 nisi
1509 637 1576 678 quia
1586 635 1623 667 fic
1633 635 1674 666 illi
1688 635 1777 665 visum
1789 635 1836 666 est.
1858 636 1928 667 ideo
1938 645 2054 678 tempus
2063 638 2128 679 ple.

410 688 553 719 nitudinis
564 696 647 718 vocar
656 686 764 717 Paulus
774 685 854 726 quod
867 683 1082 725 promulgando
1092 683 1254 725 Euangelio
1265 682 1406 712 diuinitus
1419 681 1563 723 praefixum
1573 679 1612 711 est
1623 702 1633 717 ,
1642 690 1679 710 ne
1687 679 1742 710 alia
1752 689 1893 720 quaeratur
1912 691 2132 722 opportunitas.

264 741 341 769 0114,
353 745 396 764 a.4-
409 735 444 764 Et
456 732 598 762 memoria
607 731 767 762 tenendum
779 729 859 770 quod
871 729 966 768 primo
977 729 1069 769 capite
1082 728 1313 760 habuimusmon
1324 725 1380 757 esse
1391 726 1518 757 nostrum
1527 725 1598 756 scire
1607 724 1736 756 mometa
1745 726 1775 755 δι’
1791 723 1930 755 articulos
1946 736 2127 768 temporum,

265 779 333 805 ΜΝ·
344 781 364 795 ³·
373 778 397 799 7·
409 787 469 818 quae
479 779 563 807 Pater
573 775 602 805 in
611 773 661 806 sno
676 775 800 805 arbitrio
809 772 914 814 posuit.
936 775 979 804 lta
988 771 1131 803 refellitur
1140 772 1318 813 Papistarum
1328 770 1464 802 cauillum
1475 792 1484 806 ‚
1493 771 1562 800 dum
1573 769 1636 800 fieri
1654 779 1712 799 non
1723 766 1801 809 posse
1818 770 2003 802 contendunt
2015 792 2023 805 ‚
2034 781 2066 802 vt
2074 774 2129 802 Ec·

368 811 520 856 ‘ciesxam
531 818 622 862 passus
632 818 663 850 fir
674 822 754 849 Dens
766 828 824 850 tam
836 817 928 859 longo
938 828 1071 857 ternpore
1081 827 1184 848 errare.
1205 826 1272 847 nam
1282 815 1360 847 vnde
1372 837 1380 850 ‚
1391 814 1499 857 quaeso,
1509 815 1651 846 fluxerunt
1661 815 1790 847 Gentes,
1802 812 1851 843 nisi
1860 814 1897 844 ab
1907 824 1970 844 arca
1981 818 2060 849 Noe,
2077 816 2129 848 vbi

264 887 344 908 Gen-9·
354 878 368 900 b
378 883 399 904 ,.
411 865 561 907 singularis
568 865 695 906 quaedam
707 873 765 894 erat
775 861 904 894 Ecclesiae
914 862 1185 903 puritas?posteritas
1196 862 1285 892 etiam
1293 860 1379 891 sanasti
1389 862 1456 891 Sem
1468 859 1524 892 vna
1533 869 1598 890 curn
1616 858 1679 888 aliis
1688 857 1895 899 degenerauit:
1906 857 1968 889 imb
1976 858 2059 889 lsrael
2069 880 2078 894 ,
2089 860 2133 890 se-

411 911 518 942 lectum
529 910 586 940 Dei
597 906 817 950 peculium,ipse
827 907 990 949 quoquead
1001 907 1124 938 multum
1134 916 1250 947 tempus
1262 904 1378 936 relie‘tus
1389 903 1556 946 fuir.Qare
1566 903 1640 935 nihil
1649 904 1755 933 mirum
1771 902 1829 938 est,
1839 901 1857 933 si
1868 904 1951 934 Deus
1968 900 2019 934 sub
2035 913 2130 947 regno

361 932 394 989 ff
414 955 639 989 Christi‚eadem
653 963 708 995 qua
720 952 791 983 olim
804 952 935 993 cecitatis
946 950 1132 992 poena,verbi
1143 951 1181 981 sui
1192 959 1394 991 contemptum
1403 949 1479 980 vltus
1489 949 1540 980 est.
1871 962 1878 968 ⁴
2091 958 2106 982 ι,-

445 1012 479 1039 ¹7
514 1002 588 1030 Non
605 1010 620 1028 -r
629 1010 644 1027 s
653 1009 671 1027 M
681 1009 696 1027 ε
707 1009 723 1027 u
740 1009 751 1025 s
763 1008 798 1026 ru
808 1009 821 1027 ε
836 997 1064 1036 testimonio.)
1085 995 1206 1027 Tollunt
1219 992 1268 1026 hic
1277 993 1382 1025 Paulus
1391 996 1422 1025 &
1433 993 1579 1024 Barnabas
1596 991 1744 1023 Gentibus
1761 990 1933 1033 ignorantia
1951 1001 2132 1033 praetextum.

414 1044 606 1084 Qantunuis
616 1053 651 1072 en
659 1053 695 1072 im
708 1041 759 1071 fibi
770 1043 798 1071 in
809 1041 933 1082 propriis
943 1040 1092 1081 figmentis
1101 1040 1233 1081 placeant
1244 1039 1397 1072 homines,
1410 1038 1528 1070 tandem
1539 1037 1645 1067 erroris
1656 1035 1785 1068 conuicti
1794 1034 1830 1066 ad
1842 1036 1901 1065 hoc
1909 1034 2015 1077 asylum
2027 1036 2133 1068 confu-

409 1088 616 1131 giunt‚nullam
626 1086 678 1116 sibi
688 1086 798 1117 debere
809 1084 922 1126 culpam
933 1083 1127 1126 imputarizsed
1137 1086 1234 1114 Deum
1245 1083 1345 1124 potius
1352 1081 1432 1114 fnisse
1441 1080 1655 1122 crudelem‚qui
1666 1090 1703 1111 ne
1713 1079 1800 1110 sibilo
1810 1079 1930 1120 quidem
1941 1091 2080 1112 reuocare
2087 1081 2132 1112 di-

408 1143 514 1174 gnatus
522 1131 555 1164 fit
563 1142 637 1173 quos
646 1132 739 1171 perire
748 1130 895 1160 cernebat.
916 1132 996 1159 Hanc
1006 1127 1138 1159 friuolam
1149 1127 1351 1158 obiefflonem
1361 1127 1466 1158 Paulus
1475 1128 1505 1158 δε
1521 1125 1665 1156 Barnabas
1679 1125 1838 1164 anticipant
1846 1145 1855 1158 ,
1871 1123 1939 1154 crim
1957 1124 2131 1161 admonent,

413 1180 510 1209 Deum
521 1178 559 1208 ita
570 1174 678 1206 latuisse
690 1197 698 1210 ,
707 1175 947 1206 vttestimonium
957 1173 1069 1204 interea
1078 1172 1130 1202 sibi
1140 1183 1173 1203 ac
1182 1171 1233 1203 suae
1242 1172 1387 1203 diuinitati
1398 1168 1716 1201 redderet.Videndum
1726 1178 1823 1200 tamen
1835 1170 1990 1208 quomodo
2003 1170 2062 1201 hoee
2071 1171 2132 1203 duo

416 1223 493 1252 inter
512 1220 538 1252 se
554 1220 735 1252 conueniant
750 1237 760 1252 2
779 1229 845 1249 narn
863 1217 882 1247 si
898 1218 934 1249 de
944 1217 970 1248 se
987 1217 1105 1249 testatus
1116 1216 1154 1248 est
1163 1218 1246 1247 Deus
1257 1227 1335 1250 ,non
1347 1214 1439 1256 passus
1458 1214 1515 1248 est,
1526 1223 1668 1254 quantum
1687 1223 1716 1244 in
1737 1211 1762 1243 se
1779 1221 1860 1247 erat,
1870 1213 2012 1245 mundum
2030 1225 2133 1247 errare.

416 1265 594 1307 Rcspondeo
605 1285 614 1299 ,
626 1274 718 1306 genus
727 1263 784 1293 hoc
793 1263 953 1304 testimonij
963 1281 972 1296 ‚
982 1263 1063 1293 cuius
1073 1261 1104 1292 fir
1123 1261 1237 1292 mentio
1247 1280 1256 1295 ‚
1267 1261 1324 1292 tale
1342 1257 1424 1292 fuisse
1433 1282 1442 1295 ‚
1452 1257 1532 1300 quod
1552 1257 1690 1290 homines
1709 1255 1891 1288 excusatione
1911 1259 2057 1299 priuaret,
2070 1270 2131 1290 non

269 1303 404 1329 Hffb‘¹¹·²·³'
416 1319 513 1340 aurem
524 1308 664 1340 sufficeret
673 1309 700 1338 in
711 1307 839 1338 salutem.
861 1309 968 1338 Verum
979 1307 1056 1338 enirn
1066 1305 1105 1336 est
1114 1305 1185 1336 illud
1193 1305 1345 1347 Apostoli,
1353 1304 1422 1334 Fide
1433 1302 1557 1345 intelligi
1567 1312 1662 1343 aptata
1670 1301 1753 1334 fuisse
1765 1301 1856 1332 verbo
1866 1302 1922 1334 Der
1931 1301 2034 1333 secula.
2042 1313 2131 1346 atque

416 1354 489 1384 fides
497 1364 557 1384 non
567 1363 601 1384 ex
612 1352 691 1384 nudo
702 1354 731 1384 &
743 1351 800 1382 coeli
810 1354 840 1383 δε
849 1361 928 1382 terr-2
939 1352 1046 1382 intuitu
1059 1350 1225 1391 concipitur
1235 1349 1300 1384 ,sed
1310 1359 1344 1379 ex
1355 1349 1436 1383 verbi
1448 1347 1559 1378 auditu.
1583 1346 1660 1378 vnde
1671 1345 1820 1388 sequitur,
1829 1356 1887 1376 non
1899 1345 1995 1388 poss‘e,
2004 1346 2055 1379 nisi
2065 1359 2132 1380 ver.

416 1399 447 1429 bi
457 1398 622 1429 direftione
630 1396 664 1428 ad
674 1396 826 1427 saluificam
839 1396 894 1427 Dei
905 1395 1041 1427 notitiam
1052 1388 1312 1426 hominesadduci.
1332 1391 1436 1434 Neque
1445 1402 1542 1423 tamen
1558 1391 1616 1422 hoc
1624 1390 1904 1432 obstar‚quominus
1920 1391 2008 1423 etiam
2024 1392 2134 1435 absque

268 1468 339 1489 Rom*
349 1473 365 1488 ι,
414 1443 511 1475 verbo
523 1442 680 1473 reddantur
689 1440 958 1481 inexcusabiles‚qui
969 1438 1083 1471 tametsi
1091 1438 1259 1471 naturaliter
1269 1439 1333 1469 luce
1341 1437 1579 1480 priuati‚ptopria
1587 1446 1685 1467 tamen
1698 1435 1806 1467 malitia
1815 1435 1984 1472 caecutiunt,
1992 1438 2135 1478 quemad·

269 1507 328 1522 mo.
414 1487 536 1518 modum
547 1488 636 1518 docet
645 1486 749 1517 Paulus
758 1485 853 1525 primo
861 1484 896 1515 ad
905 1486 1099 1524 Romsapite.

449 1537 498 1565 DA
507 1544 524 1562 n
535 1543 547 1561 s
560 1531 674 1573 pluuias
686 1533 714 1561 δι
727 1539 861 1571 tempora
869 1527 1041 1568 fruflifera.)
1064 1530 1146 1558 Deus
1155 1525 1301 1569 quidema
1314 1525 1459 1567 principio
1467 1523 1494 1556 se
1505 1524 1687 1566 perverbum
1697 1524 1752 1556 toti
1761 1524 1862 1567 generi
1880 1524 2010 1557 humano
2024 1524 2136 1569 patefen

418 1578 457 1607 cit
470 1576 534 1607 :sed
542 1575 648 1607 Paulus
658 1578 686 1607 δι
695 1575 840 1605 Barnabas
849 1573 1005 1604 ostendunt
1014 1571 1122 1603 nullam
1131 1569 1213 1601 fuisse
1221 1580 1335 1601 atatem
1347 1591 1356 1604 ,
1367 1579 1454 1610 quam
1474 1579 1535 1599 non
1549 1568 1743 1609 prosequutus
1760 1568 1794 1600 sit
1810 1569 1954 1601 Deussuis
1969 1571 2133 1607 beneficiis,

419 1631 480 1663 quae
491 1621 584 1652 restari
596 1619 709 1661 possent
721 1641 728 1653 ,
740 1619 882 1649 mundum
894 1616 1092 1656 eiusimperio
1101 1616 1175 1656 regi.
1196 1614 1264 1655 quia
1272 1623 1369 1644 autem
1380 1612 1513 1654 pluribus
1521 1611 1624 1643 seculis
1631 1611 1738 1652 sepulta
1750 1610 1841 1643 suerat
1855 1613 1903 1643 lux
1912 1614 2133 1651 doctrinae‚ideb

419 1663 534 1696 tantum
545 1663 647 1694 dicunt
656 1662 836 1693 naturalibus
845 1661 1026 1702 argumentis
1033 1658 1176 1690 ostensum
1185 1656 1268 1689 fuiffe
1279 1659 1388 1688 Deum.
1412 1656 1558 1688 Caeterum
1568 1655 1724 1698 probabile
1732 1655 1772 1687 est
1781 1676 1791 1690 ,
1801 1657 2049 1699 magnificentiam
2061 1670 2134 1701 ope.

419 1719 485 1740 rum
497 1710 567 1742 Der,
578 1707 686 1748 quibus
693 1706 816 1736 decebat
825 1704 930 1746 elogiis
942 1704 1016 1746 ipsos
1027 1701 1146 1734 ornaffe.
1168 1701 1215 1732 sed
1225 1705 1307 1733 Lucae
1316 1700 1439 1732 summas
1449 1711 1545 1732 rerum
1554 1700 1698 1742 attingere
1705 1698 1769 1730 satis
1777 1698 1843 1731 fuit.
1863 1704 1968 1743 Neque
1977 1713 2076 1735 tamen
2088 1705 2134 1735 in.

419 1752 523 1794 telligo
533 1751 678 1782 subtiliter
687 1752 717 1782 &
729 1748 940 1790 Philosophrco
950 1759 1033 1779 more
1043 1745 1199 1778 disseruisse
1208 1745 1285 1785 ipsos
1293 1745 1329 1775 de
1340 1755 1445 1775 naturae
1460 1745 1582 1775 arcanis.
1603 1743 1698 1775 serino
1715 1743 1794 1773 enim
1810 1753 1871 1774 erat
1886 1746 1964 1786 apud
1978 1747 2136 1779 indoctum

417 1797 536 1839 vulgus.
558 1796 626 1827 ideo
637 1794 805 1835 simpliciter
813 1801 981 1833 proponere
990 1791 1135 1831 oportuit,
1143 1789 1224 1830 quod
1234 1788 1388 1819 rudiffimis
1397 1787 1561 1829 quibusque
1572 1797 1676 1818 notum
1686 1796 1756 1817 erat.
1777 1788 1902 1819 Sumunt
1909 1798 2009 1821 tamen
2027 1791 2138 1833 princi-

419 1841 502 1882 pium
515 1842 573 1870 hoc
583 1861 590 1868 .
602 1849 631 1868 in
643 1847 749 1876 natura
758 1837 861 1867 ordine
871 1844 980 1866 certam
989 1838 1022 1866 δε
1033 1834 1138 1865 claram
1149 1831 1206 1863 effe
1222 1832 1279 1863 Dei
1297 1830 1560 1864 manifestationem
1572 1830 1671 1873 :qubd
1687 1830 1799 1872 pluuiis
1814 1831 1934 1873 itigatur
1952 1844 2043 1869 terra,
2053 1834 2137 1877 qubd

418 1895 482 1916 eam
490 1883 554 1914 solis
563 1883 641 1914 calor
652 1890 769 1923 vegerat
779 1901 787 1914 ,
795 1878 877 1920 qubd
887 1889 967 1910 tanta
977 1877 1094 1921 frugum
1105 1879 1189 1918 copia
1198 1876 1358 1919 quotannis
1367 1875 1490 1907 nascitur
1498 1894 1509 1910 ,
1518 1875 1586 1908 inde
1596 1872 1678 1908 certo
1689 1874 1790 1917 colligi
1808 1875 1936 1918 aliquem
1954 1876 2010 1911 esse
2025 1882 2138 1916 Deum,

422 1930 470 1970 qui
484 1928 582 1958 omnia
593 1926 748 1969 gubernat.
773 1934 870 1966 neque
882 1924 960 1954 enim
970 1924 1094 1965 proprio
1103 1931 1187 1953 motu
1197 1930 1322 1963 aguntur
1331 1920 1431 1952 caelum
1442 1922 1473 1953 δι
1482 1931 1572 1952 terra:
1583 1918 1678 1952 mulrb
1688 1920 1776 1951 etiam
1787 1919 1884 1952 minus
1892 1919 2028 1955 fortuito.
2037 1924 2137 1957 Restat

419 1973 510 2015 igitur
519 1992 529 2006 ,
539 1981 571 2003 vt
581 1971 640 2002 hoc
648 1969 821 2005 admirabile
830 1977 937 2001 naturae
945 1967 1100 1999 artificium
1111 1966 1169 1998 Dei
1179 1965 1393 2007 prouidentiam
1405 1964 1499 2008 palam
1507 1965 1641 1997 ostendat
1649 1977 1656 1996 t
1665 1966 1697 1996 &
1708 1964 1757 2005 qui
1767 1965 1909 1997 mundum
1922 1977 2062 2000 aerernum
2079 1965 2139 2001 esse

393 2013 629 2059 §dixeruntmon
641 2014 731 2045 locuti
740 2011 803 2044 sunt
813 2023 847 2043 ex
855 2012 946 2043 animi
954 2012 995 2043 sui
1007 2011 1148 2047 i‘ensu,sed
1157 2010 1284 2052 maligna
1293 2012 1324 2042 &
1335 2009 1458 2042 barbara
1465 2009 1677 2053 ingratitudine
1688 2008 1787 2041 conati
1796 2009 1860 2041 sunt
1867 2011 1997 2045 obruere
2005 2013 2062 2045 Dei
2071 2011 2139 2056 glo*-

347 2034 532 2099 &uiamzin
542 2071 603 2101 quo
613 2059 688 2090 suam
700 2057 913 2098 impudentiam
923 2056 1124 2098 prodiderunt.

452 2109 509 2137 Iup
517 2116 553 2136 ιε
561 2116 578 2134 u
588 2116 600 2133 s
614 2103 686 2136 cibo
695 2104 726 2135 δι
735 2101 857 2140 laetitia.)
882 2105 916 2133 In
926 2111 964 2132 eo
976 2101 1069 2143 magis
1077 2098 1266 2132 conuincitur
1275 2097 1429 2130 hominum
1439 2096 1574 2140 impietas
1584 2118 1593 2132 ,
1605 2097 1623 2128 si
1632 2099 1731 2130 Deum
1740 2109 1800 2130 non
1810 2099 1967 2143 agnoscant
1977 2122 1985 2135 ‚
1997 2100 2080 2143 qubd
2095 2101 2139 2133 ῃὸ

425 2149 538 2183 tantum
551 2149 645 2179 oculis
653 2157 755 2178 eorum
765 2145 881 2177 subiicit
891 2145 990 2188 gloria
999 2145 1050 2177 suae
1059 2144 1223 2177 testimonia
1231 2144 1261 2175 in
1271 2143 1327 2175 suis
1336 2142 1478 2185 operibus
1487 2164 1496 2178 ,
1504 2141 1551 2174 sed
1560 2144 1660 2173 omnia
1669 2144 1755 2175 eriam
1765 2147 1793 2174 in
1803 2155 1906 2176 eorum
1927 2144 1992 2177 vsus
2005 2145 2139 2178 destinat.

426 2198 487 2227 Cur
502 2197 578 2225 enim
589 2192 679 2223 Sol&
691 2191 774 2223 stellae
782 2191 811 2221 in
820 2191 890 2221 caelo
898 2192 998 2223 lucent
1009 2212 1019 2227 ,
1028 2189 1080 2221 nifi
1095 2199 1125 2221 vt
1135 2188 1215 2220 suum
1225 2188 1417 2221 ministerium
1426 2186 1574 2228 ptaebeant
1583 2185 1822 2220 hominibusrcux
1831 2188 1954 2230 pluuia&
1963 2189 2033 2221 caelo
2050 2191 2138 2222 cadit?

424 2243 566 2271 Currerra
576 2237 712 2278 producit
723 2233 832 2266 fruetus
839 2234 966 2270 summisi
979 2245 1010 2268 vt
1019 2235 1158 2267 alimenta
1166 2233 1338 2265 hominibus
1347 2230 1508 2274 suppetant,
1517 2230 1625 2274 quibus
1633 2230 1793 2264 vescantur?
1802 2233 1964 2266 Hominem
1981 2244 2059 2277 ergo
2075 2244 2138 2266 non

423 2282 518 2324 posuit
529 2284 612 2312 Deus
622 2282 649 2310 in
661 2290 735 2312 terra
744 2301 754 2314 ‚
763 2289 794 2311 vr
805 2279 838 2311 fit
847 2289 984 2322 tanquam
1004 2280 1032 2311 in
1041 2279 1157 2311 theatro
1167 2278 1279 2310 otiosus
1287 2287 1410 2320 operum
1419 2275 1534 2307 suorum
1549 2274 1692 2316 speetaror
1701 2274 1765 2312 ‚sed
1785 2276 1855 2308 dum
1870 2277 2012 2309 omnibus
2026 2277 2087 2310 czli
2105 2281 2139 2311 ει

423 2337 505 2358 terrae
513 2326 621 2366 opibus
631 2323 736 2355 fruitur
745 2343 754 2358 ,
763 2333 794 2354 vt
804 2325 832 2354 in
843 2325 1017 2355 celebranda
1025 2324 1086 2354 Dei
1096 2323 1231 2366 largitate
1240 2321 1266 2354 se
1275 2330 1423 2354 exerceat.
1444 2330 1523 2352 nunc
1533 2319 1603 2351 verb
1612 2319 1642 2352 in
1654 2320 1809 2362 multiplici
1819 2332 1916 2353 rerum
1924 2322 2009 2364 copia
2019 2333 2086 2354 eum
2097 2323 2140 2354 ηὸ

423 2372 497 2403 affici
507 2380 586 2401 tanta
595 2369 653 2399 Dei
664 2367 797 2398 bonitate
807 2389 815 2402 ‚
826 2378 924 2399 annon
933 2366 1082 2410 plusquam
1093 2366 1178 2398 foeda
1187 2367 1227 2398 est
1236 2367 1372 2408 prauitas?
1392 2363 2147 2413 IQAEQ

423 2426 453 2447 ra
463 2416 502 2446 lar
527 2414 558 2445 iri
571 2432 579 2447 ‚
587 2411 827 2485 quaessslfssffli
852 2422 899 2442 um
909 2410 1086 2443 satisfaciant.
1108 2411 1216 2451 Laetitie
1227 2411 1348 2441 nomine
1358 2408 1521 2450 significant
1533 2407 1637 2438 Paulus
1645 2410 1674 2439 δι
1683 2410 1826 2441 Barnabas
1836 2412 1931 2442 Deum
1941 2421 1996 2453 pro
2012 2411 2142 2443 immen-

382 2426 693 2499 '‘l'a'sffirfflm'gmra
703 2467 721 2496 p
735 2465 767 2485 us
775 2423 1056 2497 ssss'lffiffiffib'ffs
1066 2453 1151 2493 quam
1162 2454 1289 2494 postulet
1298 2463 1399 2484 eorum
1412 2451 1580 2482 neceflitas:
1589 2462 1622 2482 ac
1631 2450 1650 2485 fi
1663 2452 1772 2485 dietum
1791 2453 1860 2486 effer
1870 2472 1880 2487 ,
1888 2454 1986 2486 cibum
2005 2455 2065 2486 dari
2084 2455 2140 2486 ho·

424 2504 556 2536 minibus
566 2512 624 2532 non
634 2500 747 2531 tanturn
758 2509 818 2540 quo
829 2498 960 2530 reficiant
969 2499 1045 2530 vires
1054 2518 1064 2532 ,
1072 2496 1118 2527 sed
1130 2507 1190 2538 quo
1199 2498 1287 2528 etiam
1299 2495 1386 2528 corda
1397 2494 1441 2526 sua
1452 2494 1620 2527 exhilarent.
1641 2497 1740 2538 Siquis
1750 2497 2060 2542 obiiciat‚cominge5e
2077 2500 2141 2542 ple.

426 2558 550 2589 rumque
560 2566 568 2580 ‚
579 2555 611 2576 vt
621 2545 758 2575 homines
768 2543 895 2574 famelici
904 2544 1129 2584 potiusgemant
1138 2562 1147 2576 ,
1157 2540 1244 2582 quarn
1257 2540 1340 2571 saturi
1350 2539 1489 2570 laerenrur.
1510 2538 1672 2580 respondeo
1680 2560 1690 2574 ,
1700 2541 1729 2572 id
1739 2541 1801 2574 fieri
1819 2553 1920 2584 praeter
1936 2553 2043 2575 naturae
2061 2544 2142 2575 ordi-

427 2604 495 2625 nem
511 2589 646 2632 ,quando
654 2588 852 2619 scilicetDeus
862 2596 982 2628 propter
991 2586 1144 2618 hominum
1154 2594 1273 2626 peccata
1292 2594 1411 2614 manum
1427 2581 1502 2614 suam
1519 2584 1674 2626 restringit.
1698 2586 1801 2626 sponte
1817 2587 1898 2619 enim
1912 2588 1948 2618 ad
1964 2598 2019 2618 nos
2035 2587 2144 2619 affidue

429 2638 532 2669 flueret
541 2635 598 2665 Dei
609 2633 766 2665 liberalitas
775 2651 784 2666 ,
794 2632 909 2673 qualem
920 2629 969 2662 liic
976 2630 1119 2672 Barnabas
1129 2632 1158 2661 δε
1167 2628 1272 2660 Paulus
1280 2627 1436 2668 pradicant
1444 2648 1453 2663 ,
1463 2627 1514 2659 nisi
1525 2638 1589 2659 eam
1598 2638 1730 2660 arcerent
1748 2631 1889 2661 vitiorum
1906 2631 2070 2662 nostrorum
2085 2632 2142 2663 ob.

432 2680 546 2712 stacula.
570 2682 675 2719 Neque
687 2686 784 2708 tamen
795 2686 922 2717 vnquam
932 2685 1011 2706 tanta
1023 2674 1118 2713 extitit
1126 2673 1258 2705 sterilitas
1268 2691 1277 2706 ‚
1287 2683 1342 2714 qua
1353 2671 1467 2713 prorsus
1475 2673 1615 2704 exaruerit
1623 2672 1796 2705 benedietio
1804 2675 1832 2704 in
1843 2673 2015 2706 hominibus
2024 2675 2142 2716 pascen-

284 2727 337 2753 &sal
348 2727 388 2748 ·81.
433 2726 488 2756 dis.
512 2722 603 2755 Recte
613 2721 732 2764 quidem
745 2720 855 2751 dietum
865 2721 905 2751 est
915 2720 929 2751 a
938 2719 1087 2761 Propheta
1097 2740 1106 2753 ,
1115 2718 1202 2760 Aperi
1212 2726 1246 2748 os
1254 2726 1334 2748 tuum
1345 2735 1354 2750 ‚
1365 2719 1395 2748 δε
1404 2716 1528 2756 replebo
1543 2716 1616 2749 illud
1625 2727 1675 2753 ‚vt
1690 2715 1811 2752 sciamus
1829 2728 1884 2748 nos
1901 2718 2008 2751 esurire
2024 2721 2142 2761 propria

288 2764 347 2786 ω’·
435 2769 603 2811 culpa‚dum
614 2764 839 2798 beneficentiam
849 2764 987 2795 caelestem
998 2774 1058 2795 non
1067 2762 1258 2794 admittimus.
1267 2759 1315 2791 sed
1326 2760 1487 2802 quamlibet
1496 2759 1582 2792 limus
1593 2761 1724 2797 restrffifi,
1732 2764 1894 2804 perrumpit
1902 2773 2000 2794 tamen
2015 2763 2051 2795 ad
2067 2765 2142 2796 indi·
2189 2796 2192 2797 ⁷

434 2824 508 2856 gnos
518 2821 653 2853 paternus
663 2810 718 2841 Dei
728 2808 976 2842 amor.Praesertim
986 2806 1154 2841 vniuerfitas
1162 2804 1278 2838 humani
1288 2805 1403 2846 generis
1413 2804 1492 2836 testis
1502 2804 1542 2836 est
1550 2808 1677 2848 nuquam
1695 2803 1800 2839 cessare
1814 2808 1873 2838 Dei
1881 2807 2069 2845 beneficia‚in
2079 2809 2142 2851 qui-

434 2859 490 2889 bus
502 2858 585 2887 Pater
595 2856 818 2895 nobisapparer.

470 2907 498 2932 ιε
532 2904 593 2942 nege
602 2901 733 2931 dicentes
743 2898 816 2937 vix.)
840 2896 923 2928 Prius
932 2896 1040 2928 dixerat
1048 2899 1139 2927 Lucas
1148 2904 1206 2926 non
1214 2892 1313 2926 verbis
1322 2891 1433 2924 tantum
1443 2894 1508 2925 vsos
1516 2893 1583 2927 effe,
1600 2892 1648 2924 sed
1662 2893 1750 2925 etiarn
1767 2904 1835 2926 cum
1856 2894 1968 2937 impetu
1983 2889 2140 2927 irruiffffin

437 2945 550 2976 turbam
563 2954 657 2975 :nunc
666 2943 743 2974 addit
752 2942 798 2972 illa
809 2941 995 2973 vehementia
1006 2941 1053 2972 vix
1064 2937 1219 2982 repressum
1232 2935 1287 2969 esse
1297 2937 1398 2978 populi
1410 2937 1549 2969 furorem.
1570 2938 1646 2969 vnde
1655 2948 1772 2979 apparet
1781 2938 1868 2981 quam
1878 2940 1997 2972 vesanus
2007 2942 2039 2971 δι
2055 2940 2143 2971 indo·

438 2990 526 3019 mirus
537 2988 567 3019 lit
578 2989 677 3020 mundi
689 2986 774 3018 ardor
783 2988 811 3018 in
823 2985 1107 3017 idololatriamNam
1117 2984 1135 3015 fi
1145 2981 1409 3017 deoscreduntmur
1417 2981 1503 3014 fidem
1518 2993 1577 3013 non
1587 2982 1696 3013 habent
1706 2993 1809 3014 eorum
1819 2983 1942 3016 sermoni
1953 3005 1961 3019 ‚
1972 2994 2032 3025 quo
2042 2983 2142 3018 falsum

438 3030 489 3064 {ise
499 3032 642 3063 honorem
654 3029 858 3071 repellunt?sed
866 3030 925 3061 hoc
935 3029 1043 3060 morbo
1055 3030 1190 3060 laborant
1199 3035 1302 3058 omnes
1315 3025 1482 3060 idololatrae,
1493 3025 1575 3067 quod
1583 3028 1685 3068 iugum
1694 3036 1831 3059 excutere
1839 3027 1960 3059 subinde
1969 3029 2058 3068 parati
2067 3026 2145 3065 sunt,

439 3075 491 3109 nili
499 3086 599 3107 eorum
611 3075 732 3107 arbitrio
746 3074 890 3106 subiaceat
907 3074 1022 3116 religio.
1045 3073 1217 3117 Qarqnon
1228 3071 1332 3103 mirum
1346 3068 1386 3100 est
1397 3069 1414 3100 fi
1424 3072 1572 3114 prophete
1581 3070 1650 3112 saepe
1659 3081 1912 3107 commemorent,
1921 3081 1981 3103 non
1992 3071 2072 3104 secus
2080 3074 2143 3115 rapi

441 3122 579 3153 homines
589 3121 618 3151 in
629 3128 731 3162 cecum
739 3117 973 3160 superstitionum
983 3116 1217 3159 affectumquam
1228 3113 1352 3159 pecudes
1360 3114 1389 3145 in
1397 3113 1551 3147 libidinem
1561 3116 1639 3148 suam
1649 3113 1791 3148 feruntur.

492 3216 541 3304 ιζ
564 3215 848 3263 *Superuenerunt
856 3218 969 3246 autem
980 3204 1189 3249 antiochia
1199 3203 1240 3251 ἀι
1248 3205 1354 3242 [conio
1362 3200 1497 3250 Iudaeist
1508 3200 1628 3256 quibus
1633 3200 1783 3258 peifimfe
1790 3201 1889 3242 turba
1907 3201 1979 3243 c1>m
1995 3202 2142 3258 lapidas-'-

430 3264 506 3316 sent
544 3262 832 3308 marmorearum
842 3279 916 3302 eum
925 3260 1020 3302 ex'tra
1030 3261 1388 3312 vrbem‚exis}imantes
1398 3270 1565 3296 mortuum
1574 3256 1642 3310 effi’.

501 3336 550 3359 20
595 3318 815 3358 circundatus
826 3331 936 3359 autem
945 3317 966 3357 ai
975 3314 1335 3373 discipulcksssrrexit,&
1343 3313 1497 3369 ingressus
1509 3311 1733 3366 estvrbenn&
1739 3311 1897 3368 postridie
1908 3329 1979 3356 cum
1988 3313 2145 3355 Barnaha

444 3377 552 3412 exiuit
562 3375 705 3414 Derben.
1064 3389 1066 3392 ⁴

500 3442 539 3470 21
596 3438 640 3470 Et
663 3430 742 3472 cam
759 3426 1139 3490 euangelizffnt-huic
1161 3427 1240 3470 vrbi
1257 3458 1269 3478 ,
1289 3427 1329 3475 ἀ·
1347 3424 1468 3467 multos
1488 3422 1682 3480 formtfflnt
1700 3423 1870 3480 distipulos
1888 3455 1900 3473 ,
1923 3424 2045 3478 reuersi
2058 3423 2143 3478 fiant

1567 3509 1570 3512 «
1588 3499 1589 3502 “
1631 3506 1643 3512 -
1656 3507 1659 3509 -
1680 3506 1683 3508 -
1997 3481 2153 3533 Lystvcam·
