2310 3841
373 145 415 201 5⁶
885 129 951 170 iu
991 121 1198 170 ACTA
1255 125 1505 172 APOST.

383 208 449 249 Ego
460 204 520 238 sum
529 205 610 236 Deus
619 192 756 239 Abrahae,
767 196 825 228 &a
841 195 1035 237 Respondent
1044 195 1166 238 quidam
1176 207 1184 226 :
1195 195 1382 228 SicutiDeus
1391 207 1452 238 quae
1471 196 1524 228 fibi
1542 191 1668 230 maxime
1686 195 1804 239 propria
1822 195 1907 232 sunt,
1916 193 2056 232 ministris
2063 192 2120 226 suit

388 252 537 284 interdum
548 238 993 282 animust-communicatura
1002 251 1062 271 non
1080 238 1138 272 effe
1158 241 1314 273 absurdum
1329 241 1365 276 ,si
1383 244 1418 274 ad
1436 241 1512 283 ipsos
1527 241 1710 274 transferatur
1729 245 1791 273 eius
1810 252 1932 273 nomen.
1954 240 2010 272 Sed
2027 247 2119 281 quum

389 294 492 337 apest&
500 284 671 335 pronunciet
681 287 728 317 hic
738 286 860 328 angelus
869 307 878 320 ,
889 285 916 316 se
929 296 1018 316 osvin
1029 283 1084 316 effe
1092 295 1230 316 aeternum
1242 307 1251 322 ‚
1261 286 1310 328 qui
1325 284 1401 317 sosus
1412 287 1450 317 est
1461 307 1470 318 2
1479 288 1511 318 8(
1531 288 1558 316 in
1577 297 1637 329 quo
1655 289 1758 318 omnia
1773 286 1942 322 subfistunt,
1954 283 2067 316 necesse
2077 281 2120 314 est

392 340 451 371 hoc
460 327 586 380 elogium
595 333 767 372 restringere
775 332 811 362 ad
820 331 878 361 Dei
886 328 1036 362 essentiam
1048 341 1055 359 ι
1067 329 1151 360 nullo
1160 330 1238 361 enim
1252 330 1345 362 modo
1354 332 1385 361 iri
1395 335 1416 361 Α
1423 330 1527 372 ngelos
1535 341 1727 372 competetet.
1751 332 1857 372 Aptius
1875 331 2022 362 diceretur
2031 351 2042 365 ‚
2054 333 2118 359 An-

394 379 585 427 gelumgquia
595 375 652 407 Dei
664 375 787 405 nomine
797 375 930 415 loquitur
942 393 950 408 ‚
960 373 1101 416 suscipere
1109 375 1172 404 eius
1180 375 1331 416 personam
1342 388 1348 406 :
1359 386 1393 406 ac
1402 375 1420 405 li
1433 375 1566 406 mandata
1584 376 1629 407 sua
1638 396 1648 410 ,
1659 377 1694 407 ad
1713 378 1838 407 verbum
1850 385 2005 416 ,tanquam
2023 376 2057 404 ex
2065 382 2119 403 ore

394 423 587 462 Deiteferret.
609 419 671 459 Qi
685 429 750 449 mos
759 418 903 461 loquendi
912 419 979 450 satis
991 419 1078 449 etiam
1090 428 1111 451 ti
1121 419 1177 449 itus
1187 419 1226 449 est
1237 419 1402 461 Prophetis.
1425 421 1482 450 Sed
1491 422 1609 461 quando
1620 421 1714 462 postea
1728 421 1807 451 dicet
1825 424 1932 453 Lucas,
1945 420 2024 450 hunc
2043 427 2118 448 eun-

252 484 270 500 ι,
280 478 359 502 Corin.
392 464 542 515 dqffstiiffe
552 465 699 506 Angelum
711 485 720 498 ,
728 464 811 494 cuius
819 463 953 504 auspiciis
963 465 994 495 δε
1004 463 1094 495 duem
1103 461 1197 494 Moses
1206 464 1348 506 populum
1359 464 1495 496 liberauit
1506 476 1513 496 ι
1525 467 1556 495 &
1575 466 1683 497 Paulus
1691 465 1796 507 prioris
1804 465 1840 496 ad
1853 464 2029 495 Corinthios
2038 461 2118 493 deci-

252 516 332 534 1534.

181 1667 183 1669 Ι
232 1630 315 1675 Psalm.
324 1634 355 1661 46

228 3065 311 3089 Νικὼ.
327 3067 358 3090 2‘2.

229 3105 281 3126 ωι-

385 515 434 551 ff
443 535 451 548 ‚
462 510 607 541 Christum
618 505 699 540 fuisse
708 508 814 539 ducem
825 507 906 539 istum
916 508 1101 549 pronuntiat,
1112 518 1172 538 non
1183 508 1223 539 est
1235 508 1380 550 quodiam
1391 512 1530 540 miremur
1541 531 1550 545 ‚
1560 511 1705 549 Angelum
1727 510 1780 539 sibi
1799 509 1911 540 sumere
1934 508 2016 549 quod
2031 507 2118 538 vnius

376 555 436 588 xDei
448 554 598 596 proprium
611 553 659 584 est.
682 555 847 584 Statuamus
858 554 957 595 itaque
967 551 1153 593 primoloco,
1165 553 1273 584 nullam
1284 555 1321 584 ab
1333 554 1420 584 initio
1431 551 1511 589 fuisse
1522 555 1577 584 Dei
1588 554 1896 584 communicationem
1908 563 1975 583 cum
1988 551 2118 583 homini-

380 602 434 630 bus
444 619 453 633 ,
464 599 513 629 nisi
525 610 576 640 per
585 598 744 628 Christum.
764 597 936 628 Nihilenim
947 597 1112 628 nobiscum
1132 599 1200 628 Deo
1211 596 1281 628 ‚nisi
1305 597 1374 628 adiit
1391 598 1535 628 mediator
1548 622 1555 632 ,
1565 599 1612 639 qui
1635 599 1715 629 illum
1736 599 1824 628 nobis
1839 598 1991 628 conciliet.
2012 598 2056 625 Ita
2068 595 2118 625 hic

373 643 459 674 locus
468 653 576 674 :eternae
585 643 693 673 Christi
702 643 848 673 diuinitati
857 641 1041 673 luculentum
1053 640 1252 672 testimonium
1262 642 1372 677 reddit,
1383 645 1414 673 δι
1424 642 1551 675 eiusdem
1563 655 1629 674 cum
1640 645 1728 674 Patre
1737 641 1861 674 effentiae
1871 653 1938 672 eum
1949 639 2005 672 esse
2015 642 2117 670 docet.

378 700 395 722 A
404 700 420 718 u
428 700 469 719 cir
479 699 514 720 tv
525 697 538 717 s
548 686 638 729 porro
652 687 720 717 ideo
729 697 854 718 vocatur
864 708 874 722 ,
882 696 944 717 non
964 685 1057 717 modo
1072 687 1142 727 quia
1160 687 1293 728 Angelos
1311 686 1424 728 semper
1443 689 1571 718 comites
1583 689 1685 718 habuit
1695 707 1704 720 ‚
1715 690 1745 718 δι
1767 686 1843 728 quasi
1859 687 2041 728 apparitores
2050 705 2059 719 ,
2068 681 2119 713 sed

374 733 457 773 qubd
470 732 515 763 illa
525 732 628 773 populi
641 732 809 772 redemptio
818 751 828 765 ,
839 731 964 762 nostram
977 731 1112 761 omnium
1124 730 1328 765 adumbrauit,
1342 732 1424 762 cuius
1433 731 1515 762 causa
1525 733 1688 764 mittendus
1711 742 1771 762 erat
1789 733 1922 762 Chi-istus
1931 731 1948 762 a
1962 733 2049 762 Patre
2067 749 2075 763 ,
2086 737 2118 760 vt

375 777 504 807 formam
517 776 588 807 serui
606 787 672 807 cum
683 787 770 807 carne
780 777 875 807 nostra
886 775 1031 806 indueret.
1054 777 1181 806 Certum
1192 776 1313 817 quidem
1326 775 1366 806 est
1377 798 1387 812 ‚
1398 778 1496 806 Deum
1516 777 1689 807 hominibus
1708 786 1858 817 nunquam
1876 773 2035 817 appatuzsse
2048 784 2121 814 qua-

375 820 412 851 lis
422 821 462 851 est
472 843 479 855 ‚
487 820 534 852 sed
545 821 595 851 sub
605 821 700 862 specie
710 820 806 861 aliqua
819 841 828 855 ,
836 831 898 862 quoe
908 830 1011 851 eorum
1022 819 1120 861 captui
1129 821 1384 861 congrueret.Alia
1395 831 1495 851 tamen
1505 842 1515 856 ‚
1525 830 1553 851 vt
1566 821 1623 852 dixi
1633 843 1643 857 ,
1653 823 1681 851 in
1692 821 1810 852 Christo
1828 821 1960 852 nominis
1981 820 2056 850 ratio
2065 817 2116 851 est,

379 865 460 907 qubd
468 876 578 897 aeterno
586 866 679 907 Patris
689 864 812 896 consilio
820 863 978 897 destinatus
988 863 1163 896 hominibus
1171 865 1268 896 salutis
1278 865 1407 896 minister
1419 886 1427 899 ,
1437 865 1466 896 in
1479 865 1558 896 hunc
1575 865 1665 896 finem
1684 865 1755 896 Moli
1774 874 1904 908 apparet.
1929 867 2036 905 Neque
2047 863 2121 892 huic

380 910 521 941 doctrinae
531 920 674 952 repugnat
685 910 767 952 quod
777 907 1050 942 habetur‘secundo
1069 910 1103 939 ad
1123 910 1266 940 Hebraeos
1280 911 1376 951 capite
1387 931 1397 945 ,
1408 909 1559 942 Christum
1580 921 1727 952 nunquam
1747 907 1890 952 sumpsisse
1908 910 2040 950 Angelos
2051 928 2059 941 ,
2070 904 2120 936 led

380 955 505 986 Abrahae
515 954 624 992 semen,
645 954 773 986 Tametsi
783 955 863 986 enim
875 954 984 996 Angeli
993 953 1119 995 speciem
1129 954 1164 984 ad
1173 964 1293 994 tempus
1302 955 1397 986 induit
1408 975 1416 988 ,
1427 965 1576 996 nunquam
1587 966 1686 986 tamen
1705 956 1873 996 Angelicam
1892 953 2014 994 suscepit
2034 961 2122 982 natu·
2166 953 2168 955 '

378 1010 439 1031 ram
452 999 722 1041 :quemadmodum
731 998 836 1030 scimus
845 999 913 1031 vere
922 999 1076 1029 hominem
1088 997 1196 1029 fretum
1207 996 1271 1029 esse.
1297 999 1392 1029 Restat
1405 1020 1414 1033 ‚
1425 1009 1455 1029 vt
1467 999 1580 1041 aliquid
1591 999 1627 1030 de
1639 1011 1718 1030 iivno
1736 1000 1848 1031 ardenti
1865 999 1958 1029 dicam
1965 1008 2008 1028 us.
2031 995 2118 1027 Triti‘i

376 1045 417 1076 est
427 1044 510 1078 iliud,
521 1046 619 1075 Deum
629 1043 819 1075 similitudine
828 1043 951 1085 quadam
962 1043 1051 1079 rebus
1061 1041 1140 1085 signa
1148 1052 1255 1084 aptate.
1280 1046 1378 1084 Atque
1390 1045 1447 1073 haec
1459 1041 1520 1075 fere
1530 1046 1699 1075 communis
1709 1045 1750 1075 est
1760 1046 2016 1075 sacramentorum
2029 1041 2118 1071 ratio.

375 1089 471 1120 Porro
480 1089 554 1119 nihil
566 1089 658 1131 magis
673 1088 836 1129 appositum
848 1086 962 1119 ostendi
973 1086 1046 1116 Mofi
1058 1088 1155 1127 potuit
1166 1087 1202 1118 ad
1210 1087 1441 1118 confirm-indam
1452 1088 1516 1118 eius
1536 1088 1626 1119 fidem
1635 1090 1663 1118 in
1677 1088 1805 1128 praesenti
1818 1085 2074 1129 negotioSciebat
2084 1085 2116 1115 in

377 1144 438 1176 quo
447 1134 518 1165 statu
529 1144 647 1176 gentem
658 1130 1041 1174 stiimi-eliquiffentametfi
1053 1131 1157 1173 ingens
1167 1131 1235 1163 ess'et
1253 1131 1412 1164 hominum
1431 1132 1657 1166 numerus,e'rat
1674 1143 1773 1164 tamen
1784 1133 1860 1163 tubo
1882 1143 1941 1164 non
1960 1129 2116 1162 absimilis.

376 1182 453 1210 Nam
464 1189 494 1210 vt
503 1179 594 1208 tubus
605 1177 666 1219 qub
678 1177 792 1208 densior
803 1177 842 1208 est
852 1196 860 1211 ,
873 1179 904 1208 δι
915 1176 1078 1218 comp-istis
1089 1176 1311 1218 arbustismagis
1323 1176 1454 1207 abundat
1466 1197 1474 1210 ,
1486 1176 1522 1206 εἰ)
1532 1177 1565 1206 ad
1583 1176 1730 1208 flammam
1750 1177 1952 1218 excipiendam
1974 1176 2066 1217 magis
2076 1173 2118 1204 est

377 1223 529 1254 obnoxius
541 1244 549 1256 ,
562 1223 771 1254 vtincendium
783 1233 834 1263 per
847 1231 952 1252 omnes
968 1230 1063 1263 partes
1083 1219 1240 1262 grassetur:
1259 1231 1297 1251 ita
1308 1220 1421 1251 infirma
1433 1230 1491 1250 erat
1502 1221 1603 1261 populi
1614 1221 1767 1254 israelitici
1785 1232 1886 1252 manus
1901 1221 1938 1251 ad
1956 1219 2118 1251 omnesiii-

377 1267 466 1298 iurias
475 1265 600 1308 exposita
613 1279 620 1297 ι
631 1269 663 1298 &
671 1265 719 1298 sua
728 1266 807 1307 quasi
817 1266 896 1297 mole
905 1276 1021 1308 grauata
1031 1265 1161 1296 imbellis
1172 1263 1334 1296 multitudo
1343 1286 1351 1300 ‚
1362 1265 1525 1296 Pharaonis
1535 1265 1668 1296 soeuitiam
1680 1267 1793 1297 tantum
1810 1265 1948 1306 prospero
1967 1262 2116 1295 crescendi

376 1309 502 1343 successu
515 1311 699 1342 accenderat.
721 1314 800 1354 Ergo
818 1311 946 1352 populiis
961 1311 1024 1341 dira
1043 1310 1200 1350 tyrannide
1219 1308 1370 1350 oppressus
1379 1331 1388 1344 ,
1399 1308 1489 1340 veluti
1504 1312 1632 1350 qnaedam
1654 1311 1726 1351 ligni
1747 1311 1902 1352 congeries
1919 1309 1958 1340 est
1976 1306 2119 1340 incendio

380 1357 494 1397 vbique
505 1366 638 1397 correpta
651 1366 722 1388 :nec
733 1358 889 1397 quicquam
899 1354 994 1385 obstat
1003 1355 1163 1396 quominus
1174 1355 1203 1384 in
1213 1354 1342 1384 cinerem
1354 1363 1422 1384 mox
1431 1353 1581 1396 redigatur
1590 1376 1599 1390 ‚
1610 1354 1658 1386 nisi
1671 1356 1736 1397 quia
1747 1357 1896 1385 Dominus
1905 1355 1935 1385 in
1945 1353 2045 1385 medio
2055 1351 2121 1382 eius

380 1399 470 1432 sedet.
494 1401 671 1443 Qanquam
683 1410 780 1432 autem
789 1399 924 1432 insolitus
932 1398 1168 1440 persecutionum
1177 1399 1255 1440 ignis
1264 1408 1327 1428 tum
1337 1397 1476 1440 flagrabat
1486 1420 1494 1433 ,
1505 1401 1572 1441 quia
1584 1410 1681 1430 tamen
1697 1399 1822 1430 Ecclesia
1841 1400 1899 1430 Dei
1919 1408 2067 1439 nunquam
2078 1397 2118 1427 ab

380 1443 594 1479 afflictionibus
614 1444 730 1488 prorsus
741 1445 879 1476 ‘immunis
888 1444 1021 1476 &libera
1031 1443 1070 1481 e'st
1081 1445 1111 1474 in
1120 1444 1234 1473 mundo
1245 1464 1255 1478 ,
1265 1441 1311 1473 hle
1322 1454 1463 1484 perpetua
1472 1443 1535 1474 eius
1545 1445 1682 1474 conditio
1699 1443 1924 1485 quodammodo
1940 1442 2056 1484 depista
2067 1441 2117 1472 est.

381 1489 466 1530 Qid
476 1490 556 1521 enim
565 1491 644 1522 aliud
656 1490 752 1521 sumus
760 1489 846 1530 quitto
858 1488 980 1520 flammae
990 1487 1131 1529 pabulum
1141 1494 1150 1517 ?
1161 1490 1322 1518 innumerae
1335 1487 1405 1518 vero
1417 1487 1545 1518 Sathanae
1562 1487 1639 1519 faces
1657 1490 1770 1520 affiduae
1784 1490 1933 1524 volitant,
1944 1498 2005 1529 quae
2014 1486 2118 1528 ignem

375 1533 534 1567 subiiciunt
551 1537 584 1567 δε
595 1535 772 1577 corporibus
780 1537 811 1565 δι
819 1534 926 1567 animis
935 1545 942 1563 z
952 1533 999 1564 sed
1009 1532 1158 1563 Dominus
1169 1533 1241 1563 mira
1251 1533 1281 1562 δε
1293 1530 1428 1573 singulari
1439 1533 1528 1574 gratia
1541 1543 1596 1563 nos
1604 1533 1619 1563 a
1629 1532 1858 1573 consumptione
1868 1533 2041 1569 vindicatae
2051 1539 2118 1562 tue·-

373 1588 431 1610 tur.
453 1579 568 1611 Ardere
578 1590 651 1622 ergo
660 1578 831 1610 incendium
844 1575 958 1617 neeesse
972 1577 1030 1610 est,
1041 1575 1160 1617 quodin
1173 1576 1229 1607 hac
1239 1577 1298 1606 vita
1310 1586 1365 1605 nos
1380 1586 1455 1607 vrat.
1476 1576 1533 1605 Sed
1549 1586 1613 1617 quia
1624 1578 1773 1608 Dominus
1790 1577 1818 1607 in
1837 1578 1937 1609 medio
1957 1576 2047 1607 nostri
2063 1575 2116 1605 ha·

358 1622 451 1655 ,bitat
469 1645 478 1659 ,
494 1624 600 1656 efficiet
608 1635 646 1656 ne
661 1623 734 1665 quid
753 1621 929 1653 afflic‘tiones
945 1620 1039 1662 nobis·
1051 1630 1178 1651 noceant
1195 1631 1202 1651 z
1225 1619 1478 1665 quemadmodum
1495 1623 1584 1652 etiam
1601 1621 1715 1653 Psalmo
1733 1620 1957 1663 quadragesimo
1975 1621 2054 1652 sexto
2069 1618 2116 1650 di-

377 1677 462 1699 citur.
1204 1676 1209 1678 ·

416 1723 444 1751 3¹
482 1712 671 1743 innixuvs
682 1723 739 1742 ssr
751 1710 939 1749 vtsmnt-m.)
949 1709 1085 1741 Sciamus
1095 1709 1131 1739 ita
1139 1710 1240 1739 Deum
1253 1718 1317 1738 cum
1328 1707 1466 1738 Patribus
1474 1718 1562 1750 agere
1576 1705 1693 1739 solitum
1714 1707 1798 1740 fuisse
1808 1727 1818 1740 2
1827 1719 1859 1740 vt
1878 1707 1962 1739 certb
1981 1707 2044 1737 eius
2054 1716 2115 1739 ma.

372 1755 505 1787 iestatem
516 1757 718 1799 agnoscerent:
741 1757 837 1787 voluit
849 1757 928 1786 enim
939 1754 1048 1784 clarum
1058 1751 1116 1789 esse
1125 1750 1279 1783 discrimen
1299 1752 1376 1781 inter
1394 1750 1520 1782 visiones
1538 1761 1609 1792 quas
1627 1753 1750 1790 praebuit
1759 1774 1768 1787 ‚
1777 1755 1806 1784 δι
1825 1754 1932 1782 Satanae
1947 1750 2114 1792 proessigias.

373 1803 472 1842 Atque
483 1800 540 1831 haec
551 1800 703 1832 certitudo
714 1799 863 1840 plusquam
875 1795 1029 1828 necessaria
1041 1796 1091 1827 est.
1115 1796 1217 1833 Qum
1229 1795 1307 1824 enim
1318 1794 1430 1835 alioqui
1449 1794 1538 1825 fidem
1559 1794 1704 1827 haberent
1716 1795 1779 1828 ‘Det
1795 1795 1911 1827 oracula
1921 1817 1929 1830 ,
1940 1795 2048 1836 quibus
2057 1792 2116 1826 foe-

374 1844 430 1876 dus
439 1855 547 1874 aeternae
557 1845 621 1875 vitae
630 1843 798 1874 continetur
806 1849 815 1871 .>
823 1845 901 1882 Ergo
911 1851 1000 1882 quum
1013 1840 1073 1870 haec
1081 1838 1138 1870 sola
1150 1838 1182 1868 lit
1191 1848 1259 1869 vera
1268 1837 1335 1868 fidei
1348 1836 1455 1870 fultura
1465 1860 1475 1874 ,
1484 1841 1583 1870 Deum
1597 1839 1706 1872 habere
1715 1840 1871 1872 authorem
1882 1837 1995 1871 necesse
2006 1839 2046 1872 est
2060 1859 2071 1875 ,
2081 1848 2115 1872 vt

371 1888 497 1920 indubie
508 1888 532 1918 se
541 1898 608 1918 eum
619 1885 675 1918 esse
686 1886 826 1917 monstret
835 1905 845 1919 ‚
856 1886 906 1927 qui
916 1885 1056 1926 loquitur.
1083 1882 1203 1914 Deinde
1212 1884 1333 1924 quando
1346 1882 1456 1925 semper
1463 1883 1637 1916 obambulat
1647 1887 1731 1916 Satan
1743 1907 1752 1921 ,
1764 1888 1795 1917 δε
1812 1886 1893 1916 miris
1910 1885 2022 1916 artibus
2031 1883 2057 1915 se
2067 1884 2112 1914 in-

367 1932 469 1966 sinuat,
484 1929 591 1972 totque
600 1932 692 1963 habet
700 1930 821 1962 fallendi
832 1927 1102 1971 modos‚presertim
1112 1927 1185 1959 verb
1194 1928 1251 1958 Dei
1262 1938 1371 1959 nomen
1382 1927 1519 1960 sall'aciter
1527 1928 1777 1961 obtenditisedulo
1786 1930 1849 1960 eius
1857 1930 1996 1960 ludibriis
2005 1939 2113 1960 cauena

365 1977 403 2010 du
414 1987 440 2007 m
453 1977 500 2006 est.
525 1977 667 2008 Videmus
677 1986 708 2007 vt
718 1979 790 2006 olim
803 1984 909 2017 gentes
925 1985 1031 2006 omnes
1049 1975 1079 2006 δι
1096 1973 1225 2014 Papissas
1241 1974 1329 2004 etiam
1348 1971 1457 2004 luserit.
1479 1975 1593 2005 Omnia
1609 1975 1687 2006 enim
1706 1974 1941 2016 superstitionum
1961 1983 2113 2014 portenta,

365 2021 467 2052 omnia
479 2031 612 2054 errorum
625 2021 728 2052 deliria
737 2040 747 2056 ‚
757 2031 818 2062 quie
829 2020 904 2050 olim
913 2017 1034 2050 fuerunt
1045 2039 1054 2053 ,
1065 2020 1097 2051 δι
1108 2016 1199 2048 hodie
1209 2017 1304 2048 adhuc
1316 2027 1437 2059 regnant
1448 2017 1500 2048 sub
1516 2020 1627 2058 Papatu
1637 2040 1647 2054 ,
1657 2030 1693 2050 ex
1711 2019 1832 2051 somniis
1842 2041 1850 2055 ‚
1861 2018 1979 2060 spectris
1996 2020 2027 2050 &
2038 2017 2114 2049 falsis

365 2066 602 2098 reuelationibus
614 2074 679 2097 nata
688 2063 761 2096 sunt.
783 2065 960 2104 Qinetiam
972 2062 1167 2104 Anabaptiflae
1177 2060 1238 2092 suas
1249 2061 1397 2093 illusiones
1407 2062 1528 2094 habent.
1550 2065 1628 2105 Ergo
1638 2063 1756 2096 vnicum
1767 2064 1826 2095 hoc
1835 2064 1998 2095 remedium
2010 2063 2050 2094 est
2061 2085 2068 2097 ,
2079 2071 2114 2094 vt

367 2113 457 2142 certis
468 2111 546 2141 noris
555 2112 639 2141 Deus
648 2119 719 2152 quas
729 2110 840 2150 praebet
849 2108 977 2141 visiones
987 2129 996 2144 ‚
1007 2107 1154 2150 insigniat.
1176 2109 1264 2138 Tunc
1284 2107 1363 2138 enim
1382 2117 1462 2138 extra
1480 2107 1593 2144 errandi
1614 2108 1778 2148 periculum
1798 2109 1893 2139 sumus
1903 2128 1912 2140 ‚
1923 2118 2015 2150 quum
2034 2106 2111 2138 suain

367 2154 547 2189 maiestatem
558 2155 646 2185 nobis
656 2153 806 2195 patefecit.
828 2157 893 2187 Hac
905 2153 1020 2184 ratione
1030 2156 1146 2184 animus
1164 2149 1253 2182 Mosis
1270 2151 1468 2188 admiratione
1485 2152 1785 2193 percutitur2deinde
1806 2153 1841 2183 a‘d
1860 2151 2107 2183 considerandum

367 2200 482 2231 accedit
492 2212 501 2231 .·
513 2199 576 2241 post
584 2198 726 2231 acceffiim
737 2198 906 2239 propiorem
916 2198 1068 2229 Dominus
1077 2207 1144 2228 eum
1157 2197 1250 2238 magis
1262 2198 1332 2228 vitio
1342 2195 1494 2237 praesentiae
1503 2196 1554 2227 suae
1564 2195 1643 2228 sensu
1655 2199 1750 2238 tangit
1763 2219 1770 2232 ,
1779 2207 1808 2228 vi
1821 2195 2110 2237 expaiiescat.F:iteot·

369 2244 488 2283 quidem
500 2244 574 2276 nihil
583 2245 690 2275 horum
701 2241 755 2272 ess„-
767 2242 848 2284 quod
859 2253 919 2273 non
929 2242 1081 2273 aemuletur
1090 2242 1176 2272 Satan
1187 2253 1193 2271 :
1205 2241 1416 2282 sedpetperam
1426 2261 1435 2275 ‚
1446 2251 1477 2271 vt
1489 2241 1577 2271 simia.
1600 2243 1633 2272 Et
1645 2243 1793 2272 Dominus
1810 2252 1869 2271 non
1888 2241 1981 2271 modo
1998 2241 2110 2271 talibus

368 2286 492 2329 signisse
507 2285 743 2322 manifestans&
754 2287 930 2317 hebetudini
941 2287 1042 2317 nostrae
1052 2285 1196 2327 suppetias
1215 2284 1310 2316 fereris
1321 2308 1328 2320 ‚
1340 2287 1445 2316 oculos
1464 2285 1546 2316 finiul
1564 2287 1674 2326 aperit,
1687 2296 1723 2316 ne
1741 2285 1966 2316 hallucinemur.
1989 2285 2111 2316 Deinde

369 2331 497 2374 Spiritus
509 2330 621 2361 sanctus
631 2340 715 2362 notas
724 2331 894 2370 &symbola
904 2330 1008 2373 diuinae
1018 2330 1170 2369 presentiae
1181 2331 1321 2361 cordibus
1332 2330 1467 2370 insculpit
1479 2352 1487 2365 ,
1498 2341 1534 2360 ne
1547 2331 1616 2370 qnid
1631 2331 1827 2360 dubitationis
1846 2330 1939 2360 restet.

403 2387 432 2414 3²
475 2376 546 2405 Eoo
558 2385 616 2406 svin
629 2385 851 2405 DBVSPATRVM
869 2377 1029 2416 TVORVM.)
1042 2377 1129 2404 Nunc
1146 2374 1281 2405 videmus
1299 2373 1434 2414 quoi-stim
1453 2373 1553 2405 oblata
1574 2372 1661 2404 fuerit
1679 2374 1751 2405 Most
1769 2374 1861 2405 visio:
1880 2383 2006 2414 nempe,
2019 2381 2050 2404 vt
2060 2371 2107 2404 sua

371 2419 468 2451 verbo
480 2422 536 2449 Dei
546 2420 707 2450 authoritas
716 2418 870 2449 constaret.
894 2421 997 2448 Parum
1008 2419 1087 2447 enim
1099 2417 1180 2447 nudae
1191 2417 1318 2448 visiones
1326 2416 1492 2458 prodessent
1502 2439 1510 2451 ,
1520 2417 1570 2446 nisi
1587 2419 1742 2451 accederet
1758 2420 1900 2451 doctrina.
1921 2417 2046 2449 Accedit
2056 2428 2106 2447 au-

371 2473 434 2495 tem
445 2474 504 2494 non
517 2474 652 2504 tanquam
664 2473 728 2504 pars
737 2461 859 2493 inferior
870 2484 878 2497 ,
889 2461 935 2492 sed
947 2470 1082 2502 tanquam
1093 2459 1238 2492 visionum
1247 2463 1380 2492 omnium
1391 2460 1470 2491 caiisa
1483 2463 1512 2492 δε
1523 2461 1598 2491 finis.
1625 2463 1719 2501 de
1736 2475 1834 2495 autem
1845 2463 1871 2494 se
1881 2474 1972 2494 vnvm
1987 2461 2107 2503 Abrahe
2142 2498 2145 2499 V

373 2507 450 2539 Isaac
460 2511 489 2539 δέ
500 2510 590 2539 Iacob
602 2509 735 2538 nominat
747 2529 755 2541 ‚
767 2507 853 2537 huius
862 2505 1068 2546 appellationis
1075 2505 1183 2545 duplex
1193 2505 1233 2535 est
1242 2506 1328 2535 ratio.
1348 2508 1386 2535 Vt
1399 2505 1510 2536 infinita
1522 2506 1561 2536 est
1573 2507 1629 2537 Dei
1639 2509 1769 2538 maiestas
1784 2531 1792 2543 ‚
1805 2507 1822 2538 si
1834 2519 1897 2539 eam
1908 2506 2107 2548 comprehen-

371 2553 442 2584 dere
451 2553 604 2586 volumus,
618 2552 714 2592 poiius
730 2551 824 2582 senius
841 2551 954 2581 nostros
971 2548 1157 2583 absorbet:fi
1176 2549 1211 2579 ad
1228 2558 1291 2579 eam
1310 2548 1464 2580 ascendere
1482 2554 1862 2586 conamur‚euanescimu5.
1885 2555 1921 2582 Se
1931 2561 2003 2592 ergo
2012 2550 2107 2582 titulis

372 2607 459 2629 ornat
469 2599 500 2628 δι
517 2597 618 2631 vestit,
628 2595 678 2628 sub
691 2596 799 2637 quibus
812 2593 1025 2636 comprehendi
1036 2593 1150 2624 anobis
1159 2602 1255 2634 queat.
1277 2592 1334 2623 Sed
1349 2595 1508 2625 notandum
1521 2595 1560 2625 est
1573 2617 1581 2630 ,
1592 2597 1690 2627 Deum
1703 2595 1755 2626 sibi
1767 2596 1896 2637 deligere
1907 2595 2028 2628 titulos,
2038 2594 2103 2635 qui-

372 2640 429 2672 bus
440 2651 494 2672 nos
504 2642 539 2673 ad
549 2641 680 2672 Verbum
691 2650 821 2671 reuocet.
843 2640 918 2671 Ideo
926 2639 1004 2670 enim
1014 2641 1097 2669 Deus
1105 2637 1227 2668 Abrahae
1236 2636 1307 2668 isaac
1318 2639 1448 2669 &Iacob
1460 2649 1592 2673 vocatur,
1603 2640 1670 2680 quia
1679 2640 1775 2671 salutis
1784 2640 1946 2671 doCirinam
1963 2639 2040 2680 apud
2051 2648 2104 2669 eos

371 2685 525 2726 deposuit,
537 2695 592 2727 qua
601 2684 715 2717 mundo
727 2683 931 2715 innotesceret.
953 2682 1061 2714 Verum
1078 2684 1162 2714 Deus
1181 2681 1298 2723 proprie
1315 2682 1348 2711 ad
1368 2684 1601 2715 circunstantium
1623 2683 1786 2724 pict-sentem
1809 2685 1931 2724 respexit
1943 2694 2051 2725 ,quum
2063 2683 2103 2714 ita

369 2730 442 2760 Mosi
452 2728 593 2771 loquutus
602 2729 652 2761 est.
673 2740 739 2762 nam
751 2728 823 2760 visio
833 2728 892 2759 haec
902 2747 911 2762 ‚
923 2730 953 2760 δι
964 2727 1177 2769 speslibetandi
1188 2726 1288 2768 populi
1301 2749 1310 2761 ,
1320 2730 1350 2758 &
1363 2728 1530 2759 mandatum
1541 2729 1621 2770 quod
1642 2728 1714 2760 Meli
1734 2729 1854 2760 daturus
1872 2739 1931 2759 erat
1941 2751 1950 2764 ,
1960 2728 1975 2759 a
1985 2726 2101 2758 foedere

370 2774 543 2815 pendebant
553 2797 562 2811 ,
573 2774 652 2815 quod
662 2776 812 2815 pepigerat
825 2773 897 2803 olim
907 2784 973 2804 cum
986 2771 1131 2803 Patribus.
1152 2773 1195 2802 Ita
1213 2771 1354 2802 nouitatis
1372 2771 1491 2812 suspicio
1507 2774 1637 2806 tollitur,
1650 2776 1678 2804 &
1695 2774 1818 2816 erigitur
1835 2774 1950 2804 animus
1965 2771 2054 2803 Molis
2065 2771 2101 2803 ad

369 2817 538 2858 sperandim
549 2818 801 2860 redemptionem,
811 2828 872 2860 quoe
881 2817 908 2848 in
918 2817 1012 2848 vereri
1021 2816 1079 2848 Dei
1091 2815 1279 2857 promissione
1289 2814 1406 2847 fundata
1418 2817 1467 2848 est.
1491 2817 1618 2848 Perinde
1633 2829 1704 2860 ergo
1716 2821 1793 2849 valet
1804 2819 1935 2858 elogium
1947 2817 2005 2847 hoc
2015 2837 2024 2850 ‚
2034 2826 2067 2845 ac
2078 2814 2098 2846 si

371 2861 486 2893 dixisset
497 2862 578 2894 Deus
590 2865 668 2905 :Ego
680 2863 729 2904 qui
741 2863 859 2902 salutem
872 2861 992 2893 vestram
1004 2860 1077 2892 mihi
1088 2869 1155 2902 cure
1165 2857 1226 2891 fore
1235 2861 1371 2890 Patribus
1389 2861 1488 2892 vestris
1504 2863 1576 2893 olim
1595 2862 1711 2904 promisi
1721 2884 1731 2898 ,
1740 2864 1790 2904 qui
1807 2857 2025 2905 genusAbrahae
2034 2870 2099 2900 gra-

371 2906 449 2942 tuito
460 2905 611 2938 foederein
624 2907 714 2941 sidem
725 2918 819 2938 meam
832 2907 951 2947 accepi,
964 2904 1025 2937 imo
1036 2905 1085 2947 qui
1102 2904 1206 2946 praefixi
1224 2904 1282 2936 hoc
1297 2914 1414 2946 tempus
1434 2906 1568 2937 finiendae
1585 2907 1682 2947 geritis
1700 2907 1796 2938 vestrae
1815 2905 1964 2939 seruituti,
1975 2914 2052 2935 nunc
2063 2903 2101 2934 ad

372 2949 555 2990 praestandam
565 2951 650 2983 distis
661 2955 735 2983 meis
751 2952 839 2984 fidem
849 2974 858 2986 ‚
871 2952 927 2982 tibi
939 2960 1076 2991 appar-en.
1103 2949 1365 2988 Qemadmodum
1385 2951 1474 2982 hodie
1486 2962 1590 2982 omues
1602 2952 1658 2982 Dei
1674 2951 1880 2992 promissiones
1889 2972 1898 2986 ‚
1907 2959 1939 2980 vt
1948 2949 2036 2980 nobis
2045 2948 2098 2978 sta-

373 2993 451 3024 biles
464 3006 496 3025 ac
507 2995 592 3026 firmae
603 2995 657 3028 sint
666 3018 675 3032 ‚
686 2997 744 3027 hoc
752 2995 945 3027 fundamento
957 2995 1010 3026 niti
1020 3004 1140 3035 oportet
1148 2991 1246 3035 ‚quod
1256 2995 1338 3024 Deus
1347 2994 1376 3024 in
1387 2995 1504 3026 Chi-isto
1515 3006 1569 3026 nos
1579 2996 1731 3036 adoptauit
1742 3018 1750 3030 ,
1761 2994 1848 3036 seque
1865 2998 1978 3026 Patrem
1988 3003 2020 3022 a:
2030 2993 2098 3023 Det‘i

377 3037 466 3069 nobis
477 3037 541 3070 fore
549 3041 699 3080 pollicitus
709 3041 758 3072 est.
780 3040 925 3072 Caeterdm
936 3050 987 3075 ,ex
998 3039 1131 3070 hocloco
1149 3037 1280 3069 Christus
1299 3048 1358 3068 non
1377 3039 1485 3080 absque
1495 3041 1608 3080 optima
1625 3041 1740 3070 rarione
1758 3039 1874 3081 colligit
1891 3039 1956 3077 pios
1966 3033 2020 3068 ess-e
2034 3036 2098 3077 post

373 3091 500 3113 mortem
511 3081 682 3123 superstites.
706 3089 779 3116 Nam
790 3084 808 3115 fi
820 3095 902 3116 totus
911 3085 1003 3115 liomo
1015 3084 1042 3113 in
1054 3082 1282 3114 morteintereat
1292 3103 1299 3116 ‚
1313 3082 1409 3122 inepta
1422 3082 1490 3115 esset
1500 3085 1613 3116 locutio
1623 3106 1631 3118 ‚
1640 3086 1705 3126 Ego
1715 3084 1774 3115 sum
1783 3085 1866 3114 Deus
1875 3083 2005 3112 Abrahae.
2029 3085 2094 3112 1²:n-

372 3136 474 3168 gamus
483 3127 590 3158 nullam
604 3128 660 3160 effe
674 3130 799 3171 amplius
817 3132 943 3160 Romam
955 3140 962 3159 τ
972 3139 1070 3160 annon
1090 3127 1228 3160 ridiculus
1245 3126 1298 3157 etit
1308 3148 1317 3161 ,
1328 3128 1415 3167 quise
1433 3129 1550 3159 vocabit
1561 3131 1727 3160 Romanurn
1743 3126 1922 3158 Consulem
1934 3129 2002 3157 Hoc
2012 3126 2092 3157 enim

371 3171 461 3213 exigit
469 3170 576 3202 relatio
584 3189 594 3205 2
607 3182 639 3203 vt
649 3174 781 3204 membra
793 3174 870 3205 inter
881 3174 907 3204 se
917 3172 1120 3213 respondeant.
1143 3171 1208 3203 Alia
1217 3171 1302 3203 etiam
1313 3171 1385 3200 ratio
1394 3172 1600 3204 consideranda
1609 3172 1649 3205 est
1658 3194 1668 3209 ,
1678 3171 1758 3213 qub‘d
1768 3181 1857 3212 quum
1869 3173 1908 3201 Di
1917 3182 1950 3201 us
1961 3171 2049 3202 vitam
2059 3172 2092 3200 8ε

371 3225 499 3247 mortem
511 3215 540 3246 in
551 3225 637 3246 manu
647 3217 763 3250 habeat,
771 3218 874 3258 procul
884 3217 979 3249 dubio
987 3219 1074 3248 viuos
1081 3215 1174 3248 seruat
1183 3216 1290 3258 quibus
1299 3216 1364 3246 vult
1372 3215 1428 3246 esse
1438 3218 1465 3247 iu
1476 3212 1602 3257 patrem}
1608 3220 1726 3258 &quos
1733 3216 1762 3246 in
1771 3215 1840 3246 filiis
1849 3214 1901 3246 suis
1909 3213 2092 3257 'censenergo

370 3259 518 3290 Abraham
529 3281 537 3295 ,
547 3259 620 3299 Isaac
630 3262 760 3292 &Iacob
769 3281 778 3294 ‚
788 3262 911 3302 quanuis
919 3272 1005 3292 carue
1014 3261 1155 3301 perierint
1163 3283 1172 3296 ‚
1181 3260 1279 3301 spiritu
1290 3269 1387 3290 tamen
1405 3264 1481 3300 apud
1491 3264 1588 3292 Deum
1599 3263 1712 3292 viuunt.
1738 3276 1746 3288 ι

401 3300 626 3336 'frausne-tv
635 3315 648 3334 s
665 3314 776 3335 avum
788 3306 909 3344 moses.)
917 3303 1015 3336 Posset
1025 3306 1085 3336 hoc
1102 3304 1196 3335 videri
1211 3303 1365 3335 absurdum
1377 3324 1386 3338 ‚
1395 3304 1475 3345 quod
1493 3315 1551 3335 vox
1567 3300 1776 3336 consolatidni's
1792 3303 1877 3344 plena
1889 3323 1898 3336 ,
1907 3299 2018 3334 Mosem
2029 3311 2089 3333 ter·

365 3355 428 3377 reat
437 3349 630 3390 potiusquam
643 3349 783 3380 exhilaret
794 3348 856 3380 :sed
867 3350 938 3380 vtile
947 3348 1003 3380 fuit
1012 3349 1140 3384 ,Mosem
1153 3349 1190 3380 ric
1200 3347 1301 3380 terreri
1318 3348 1375 3378 Dei
1386 3348 1538 3388 ''p'r'z'esentia
1547 3369 1555 3382 ‚
1568 3350 1628 3391 qiib
1636 3348 1664 3379 se
1680 3349 1714 3379 ad
1734 3359 1874 3378 maiorem
1893 3347 2088 3378 reuerentiam

363 3399 568 3431 componeret.
590 3395 655 3424 Nec
662 3393 733 3424 verb
744 3392 800 3424 sola
810 3403 868 3423 vox
879 3393 936 3424 Dei
947 3395 1010 3424 eius
1019 3396 1150 3424 animum
1160 3392 1310 3435 perpellit-t
1320 3390 1366 3422 sed
1377 3391 1603 3433 ipsius'maiestas
1614 3416 1622 3429 ,
1631 3393 1712 3424 cuius
1733 3392 1844 3432 sigrium
1857 3393 1883 3423 in
1897 3392 1973 3422 rubo
1984 3391 2088 3422 arden-

363 3434 386 3464 ti
398 3435 547 3482 cernebat⁴⁴
558 3439 601 3468 ·Et
610 3438 680 3479 quid
691 3437 796 3468 mirum
806 3459 816 3472 ,
826 3435 844 3467 si
855 3437 948 3467 liorno
958 3437 994 3467 ad
1004 3437 1061 3467 Dei
1071 3436 1258 3478 conspechim
1277 3443 1393 3469 tremat?
1414 3437 1570 3468 Praesertim
1589 3436 1661 3469 verb
1680 3438 1900 3468 meminerimus
1910 3457 1917 3469 ‚
1929 3437 1986 3467 hoc
1995 3434 2088 3466 modo

360 3486 476 3510 animos
486 3479 523 3513 ad
530 3479 667 3517 timorem
677 3484 707 3514 δι
718 3482 914 3516 reuerentiam
924 3481 1294 3525 parari,quemadmodum
1304 3480 1394 3512 Exodi
1403 3492 1444 3512 ιο.
1464 3481 1596 3514 habetur,
1617 3480 1718 3512 vidisti
1729 3481 1807 3524 signa
1819 3503 1830 3517 ‚
1840 3482 1942 3513 audisti
1959 3481 2036 3510 tubae
2046 3478 2089 3507 so-

612 3537 618 3554 ·.
632 3544 669 3565 „-
761 3535 764 3541 ·
799 3544 802 3547 -
957 3537 959 3539 ¹
1129 3550 1131 3552 .
1270 3563 1277 3567 .
1982 3532 2088 3558 mmm,
