2310 3841
325 158 382 192 ’ΣΦ

178 228 321 293 CapJ.

197 833 334 872 psalma.

197 885 222 903 ι.

843 143 928 190 IN
949 143 1002 189 ”E
1025 140 1068 188 V
1089 140 1197 189 AN
1218 134 1361 186 om„
1375 129 1542 185 1-'V2M
1562 177 1585 193 ,,

335 220 544 257 Israelitarum
553 230 676 254 nomen
683 218 870 254 obtendunt
879 240 888 256 ‚
899 230 1016 265 paucos
1026 214 1088 251 effe
1097 228 1153 252 vc-
1199 213 1268 250 stat,
1296 195 1516 260 neglexerunt:
1536 208 1539 213 '
1550 207 1652 252 Poeno
1659 207 1750 257 'quod
1758 209 1884 254 Regem
1891 206 2015 244 Israelis

337 281 391 304 tos
401 269 566 303 israelitas.
578 266 681 302 Porro
689 267 763 313 quia
773 266 838 301 haec
849 267 945 311 etiam
957 265 1152 301 Christiani-
1200 259 1346 306 praedicat
1354 256 1534 295 Nathanael
1544 277 1557 310 ‘.
1566 256 1766 301 ciffus-tamen
1777 257 1912 312 regnum
1923 258 1960 290 ad
1969 269 2020 290 ex.

338 314 396 352 smi
407 315 555 351 definitio
565 314 610 349 est
631 337 643 354 ‚
662 315 860 349 :nonleuiter
870 314 1102 360 praetereundos
1112 310 1156 344 est
1197 309 1323 350 tremos
1337 306 1433 354 vsque
1448 304 1561 346 mundi
1570 303 1651 339 fines
1658 300 2021 346 omfflturfton-femo

338 366 392 399 hic
402 367 501 398 locus.
538 363 663 398 Verum
696 373 730 397 vt
740 363 845 409 paucis
862 373 1026 396 teneamus
1036 357 1158 394 Christi

341 411 675 448 mentem,notandum
693 410 738 451 est
748 413 859 445 dolum
869 407 1045 454 synceritati
1055 417 1160 452 oppo-

343 458 534 493 ni.Dolosos
544 471 622 505 ergo
633 451 727 492 voca}
735 460 790 505 qui
800 457 877 491 alibi
898 457 1023 489 dicfitur
1032 455 1066 487 in
1076 452 1160 488 Scri-

344 518 435 553 ptura
445 507 586 552 duplices
595 506 703 541 corde.
714 511 785 540 mec
802 503 926 541 tantiam
937 501 1029 551 crassa
1041 501 1092 535 illa
1103 500 1161 546 hy-

344 553 476 600 pocrisis
486 566 604 589 taxatur
622 576 632 591 ‚
657 565 756 600 quum
766 550 796 585 se
806 551 913 584 bonos
922 549 1008 583 viros
1017 548 1164 582 simulant

345 603 401 648 qui
414 602 470 635 sibi
480 604 561 637 male
571 599 665 644 coscij
682 599 751 634 sunt
761 613 770 632 ε
781 598 833 632 sed
841 599 900 632 alia
910 597 1006 631 etiam
1017 597 1164 633 inferior,

346 651 422 691 dum
435 651 475 683 ita
486 650 651 685 caecutiunt
659 647 809 682 homines
818 646 850 678 in
861 645 922 678 suis
930 644 1032 682 vitiis,
1043 654 1078 677 vt
1095 655 1164 676 non

347 699 418 731 aliis
429 709 548 731 tantum
559 695 609 729 sed
623 694 681 728 fibi
698 693 902 729 mentiantur.
939 692 1167 738 Cordisigitur

350 758 459 780 coram
473 748 549 778 Deo
561 743 772 789 integritas,&
783 752 857 787 erga
867 740 1020 774 homines
1033 741 1165 774 rectitu-

350 794 394 826 do
404 791 619 826 Christianum
629 789 777 825 facitsed
788 788 1064 834 praecipue'dolum
1075 788 1167 821 illum

353 839 498 874 Christus
508 848 597 871 notat
607 839 694 873 cuius
704 837 827 872 mentio
842 835 879 870 fit
890 837 923 869 in
932 835 1069 870 Psalmo.
1107 843 1169 863 ΑΜ-

351 891 394 917 at&
408 886 457 920 hic
477 887 548 931 plus
563 884 718 933 significat
734 884 828 930 quam
845 883 938 919 certe.
975 883 1167 931 Estquidem

352 935 476 968 Graecis
486 933 561 979 saepe
573 934 703 980 simplex
711 931 881 968 affirmatio
891 945 900 965 z
910 930 960 965 sed
971 932 1044 977 quia
1057 930 1108 965 hic
1119 931 1166 964 in-

353 992 402 1015 ter
414 994 479 1016 rem
490 986 520 1016 &
532 983 653 1016 nudum
667 983 795 1016 titulum
812 979 1024 1014 subaudienda
1035 979 1079 1013 cst
1088 979 1168 1012 anti-

353 1029 536 1067 thesis‚vere
547 1029 660 1064 dicitur
673 1029 732 1064 esse
751 1028 806 1074 qui
817 1026 914 1074 reipsa
928 1027 972 1062 est
982 1028 1082 1074 qualis
1092 1039 1168 1061 cen·-

353 1076 446 1112 setur.

402 1128 445 1169 48
464 1124 557 1159 Vnde
565 1137 611 1158 me
621 1122 727 1166 nost&
738 1123 881 1164 Quamuis
892 1121 937 1155 illi
947 1120 1085 1154 blandiri
1095 1119 1169 1153 nol-

357 1173 402 1206 let
413 1171 672 1210 c11nstus,audiri
683 1181 788 1204 tamen
800 1170 838 1204 ab
848 1183 886 1204 eo
895 1169 998 1203 voluit
1008 1178 1042 1202 vt
1051 1179 1169 1201 nouam

356 1220 643 1267 interrogationem
656 1218 784 1251 eliceret
799 1240 809 1255 ,
826 1218 876 1252 cui
892 1215 1084 1262 respondens
1093 1227 1170 1261 pro-

357 1267 446 1301 baret
457 1267 485 1301 se
501 1267 602 1301 filium
614 1265 774 1299 Dei.Non
790 1264 899 1300 frustra
918 1275 1022 1298 autem
1034 1265 1169 1297 interro-

357 1326 411 1362 gat
420 1314 598 1348 Nathanacl
610 1313 693 1346 vnde
705 1323 800 1346 notus
815 1312 849 1346 sit
861 1311 1101 1347 Christodsnam
1111 1311 1171 1345 ho-

359 1363 455 1397 minis
468 1374 530 1396 tam
541 1361 660 1409 synceri
670 1382 679 1398 ,
690 1361 743 1408 qui
756 1361 847 1394 omni
857 1361 934 1395 dolo
946 1372 1061 1394 vacuus
1073 1358 1169 1397 sima-

360 1410 486 1443 tumest
495 1409 675 1454 exemplum
703 1420 711 1441 ε
738 1409 867 1443 &illam
886 1408 1055 1454 puritatem
1067 1407 1173 1440 cordis

360 1456 449 1492 nosse
460 1456 585 1491 nonnifi
599 1456 663 1490 Dei
674 1454 727 1489 est.
740 1456 900 1491 Caeteriim
910 1455 1032 1490 Christi
1043 1453 1174 1500 respon-

360 1506 407 1539 sio
417 1506 542 1539 videtur
557 1516 666 1549 parum
685 1504 833 1549 apposita.
853 1516 956 1550 neque
975 1504 1061 1538 enim
1074 1503 1095 1536 si
1106 1505 1174 1538 Na-

360 1553 539 1587 thanaelem
558 1550 613 1585 sub
623 1550 684 1584 futu
694 1552 775 1585 vidit
784 1574 795 1590 ‚
813 1562 977 1598 penetrare
986 1551 1061 1585 ideo
1073 1551 1177 1596 potuit

359 1601 393 1635 in
405 1602 479 1634 altas
493 1599 597 1634 cordis
606 1598 877 1633 latebrasNerum
887 1599 944 1633 alia
957 1599 1001 1634 est
1011 1600 1177 1632 ratioznam

358 1649 451 1684 ficuti
475 1648 542 1682 Dei
563 1648 729 1692 proprium
752 1646 797 1681 est
825 1645 1018 1694 cognoscere
1027 1646 1177 1680 homines

363 1708 527 1742 nunquam
535 1693 617 1728 visos
627 1716 637 1732 ‚
646 1694 688 1728 ita
699 1694 794 1728 etiam
806 1695 914 1728 videre
931 1695 986 1742 qui
997 1694 1098 1728 oculis
1112 1706 1178 1728 non

364 1753 525 1789 apparent.
563 1745 674 1788 Qun
685 1754 764 1788 ergo
773 1741 863 1776 sciret
878 1743 1059 1777 Nathanael
1073 1741 1178 1776 senon

365 1790 507 1824 humano
518 1802 608 1824 more
626 1787 727 1825 visum
737 1788 823 1824 fuisse
832 1791 849 1824 a
859 1790 990 1825 Christo
1010 1814 1019 1828 ,
1045 1789 1096 1825 sed
1106 1791 1179 1824 vere

364 1839 493 1873 Diuino
507 1837 622 1871 intuitu
646 1850 654 1870 :
681 1837 756 1871 hinc
766 1839 919 1885 colligere
928 1839 1032 1884 potuit
1043 1850 1107 1871 non
1118 1837 1178 1872 hu-

364 1886 502 1920 manitus
512 1885 573 1919 iam
583 1883 682 1931 ipsum
691 1884 795 1930 loqui.
805 1886 860 1920 Est
868 1886 965 1932 igitur
981 1885 1132 1932 probatio
1143 1899 1180 1920 ex

363 1932 490 1978 paribus
509 1931 636 1977 sumpta.
674 1944 779 1977 neque
794 1935 880 1968 enim
899 1934 1005 1968 minus
1027 1934 1058 1966 in
1070 1936 1179 1968 Deurn

364 1979 521 2024 competit
549 1980 658 2013 videre
685 1991 752 2024 quae
768 1977 838 2014 sunt
856 1992 941 2015 extra
964 1980 1180 2028 conspectum,

364 2028 461 2074 quam
474 2027 512 2060 de
523 2027 628 2060 cordis
637 2028 770 2071 puritate
778 2029 930 2063 iudicium
941 2027 1033 2063 ferre.
1072 2030 1180 2062 Colli-

367 2075 468 2121 genda
484 2085 630 2119 praeterea
648 2074 692 2108 est
711 2087 747 2108 cx
764 2075 911 2110 hocloco
929 2077 1013 2110 vtilis
1024 2077 1180 2114 doctrina,

365 2135 466 2169 quum
487 2123 525 2155 de
543 2121 674 2157 Christo
693 2123 826 2157 minime
841 2125 1039 2172 cogitamus,
1065 2123 1180 2170 abipso

367 2183 429 2203 nos
440 2169 686 2218 conspici,atque
696 2172 739 2205 ita
747 2171 817 2206 fieri
830 2170 951 2207 necesse
961 2172 1006 2207 est
1016 2183 1048 2206 vt
1058 2172 1182 2206 auersos

367 2218 505 2251 reducat.

404 2276 448 2307 49
487 2263 540 2297 Tu
549 2276 577 2298 es
587 2267 682 2300 Filius
699 2268 783 2304 Dei.)
795 2265 894 2313 Qod
905 2280 941 2301 cx
951 2266 1059 2302 diuina
1068 2277 1182 2313 poten-

337 2338 340 2344 .
369 2311 412 2345 tia
424 2311 538 2345 Filium
558 2314 624 2346 Dei
635 2311 794 2358 agnoscit,
816 2326 881 2347 non
901 2316 1017 2348 mirum
1028 2315 1083 2349 cst.
1123 2315 1183 2350 Sed

370 2371 432 2405 qua
441 2359 563 2392 ratione
583 2359 705 2392 Israelis
712 2360 838 2406 Regem
849 2364 964 2394 vocat?
980 2375 1084 2408 neque
1095 2364 1183 2396 enim

371 2419 421 2440 res
431 2407 607 2441 coniunetae
617 2406 835 2441 videntur.Sed
845 2408 1022 2441 Nathanael
1033 2409 1125 2441 altius
1135 2421 1182 2442 re-

372 2453 538 2499 spicitziam
547 2453 696 2488 Messinm
706 2452 765 2488 esse
775 2454 932 2488 audierat:
949 2453 1023 2488 huic
1034 2455 1185 2489 doffttinae

347 2534 354 2539 ,
373 2502 655 2541 confirmationem
677 2514 744 2547 quae
755 2502 824 2535 data
835 2502 898 2540 est,
910 2501 1067 2536 subnectit
1077 2513 1186 2535 :tenet

373 2549 468 2583 etiam
485 2549 568 2583 aliud
579 2550 768 2595 principium
780 2571 789 2587 ‚
807 2561 874 2583 non
885 2549 944 2584 esse
955 2560 1122 2583 venturum
1136 2549 1188 2583 Pi-

373 2597 453 2631 lium
464 2597 528 2630 Dei
541 2596 679 2631 nisivtsc
700 2598 764 2632 Dei
782 2599 902 2642 populo
921 2599 1045 2643 Regem
1055 2596 1186 2643 praestet.

375 2645 492 2679 merito
511 2646 616 2690 itaque
629 2646 753 2691 Regem
764 2643 883 2679 Israelis
893 2642 1005 2679 fatetur
1025 2648 1077 2692 qui
1092 2645 1187 2679 Filius

343 2726 349 2729 ,
374 2693 440 2727 Dei
451 2691 505 2726 est.
526 2693 566 2726 Et
578 2694 661 2727 certe
671 2693 749 2727 fides
759 2693 866 2726 nonin
887 2691 950 2726 sula
959 2691 1077 2728 Christi
1089 2691 1187 2727 essen-

377 2741 419 2773 tia
428 2744 448 2781 (
459 2752 492 2773 vt
501 2740 541 2772 ita
554 2741 665 2786 loquar
677 2746 688 2779 )
699 2740 815 2774 haerere
825 2740 920 2775 debet
930 2763 939 2779 ‚
951 2739 1002 2775 sed
1013 2741 1079 2775 eius
1086 2741 1188 2774 virtu-

377 2799 442 2821 tem
457 2791 487 2821 δε
499 2786 644 2822 officium
655 2788 940 2834 attendere.parum
961 2789 1048 2823 enim
1059 2787 1188 2835 prodes—

378 2833 421 2868 set
431 2833 508 2869 scire
521 2836 663 2881 quisnam
673 2835 709 2870 sit
719 2835 935 2874 Christusmisi
946 2836 1008 2870 hoc
1018 2833 1187 2871 secundum

346 2922 351 2926 ῃ
378 2884 654 2929 accederet‚qualis
672 2896 745 2929 erga
758 2896 816 2917 nos
827 2882 887 2919 effe
898 2885 992 2922 velit,
1006 2888 1038 2919 δε
1049 2884 1081 2918 in
1092 2896 1186 2930 quem

380 2927 477 2962 finem
490 2931 595 2965 missus
605 2931 698 2965 fuerit
710 2934 726 2966 a
734 2935 837 2966 Patre.
874 2933 963 2967 Hinc
973 2931 1088 2967 factum
1099 2930 1143 2969 cst
1152 2942 1188 2967 vt

378 2976 504 3019 l'apistae
515 2977 638 3011 nonnisi
650 2979 853 3013 vmbratilem
867 2980 1029 3015 Christum
1040 2979 1186 3014 habeant:

379 3022 453 3073 quia
486 3025 599 3058 nudam
618 3025 777 3060 essentiam
795 3027 1028 3072 apprehendere
1038 3027 1099 3061 illis
1108 3039 1185 3064 curae

379 3067 549 3116 fuitzregnn
559 3074 634 3107 vero
646 3074 812 3123 eius‚quod
821 3075 967 3111 seruandi
978 3076 1094 3111 virtute
1105 3087 1181 3111 con-

1189 354 1301 389 '‘estad
1310 356 1387 390 fidei
1409 351 1697 388 nmnsuratitfinita.
1733 354 1869 386 necd'um

1944 365 1967 384 n
1979 352 2022 386 τὸ

1208 404 1387 450 progressus
1395 405 1510 436 eratvt
1519 397 1611 433 sciret
1628 399 1688 432 toti
1702 401 1823 433 mundo
1833 399 2021 433 destinatum
2047 406 2049 409 '

1209 449 1271 484 effe
1279 453 1405 498 Regem
1417 450 1486 483 :vel
1498 448 1604 493 potius
1622 447 1732 493 vndiq3
1750 448 1952 493 colligendos
1963 445 2023 498 effe

1210 497 1345 532 Abrahae
1353 496 1458 534 filios,
1469 506 1503 530 vt
1517 506 1604 528 totus
1614 496 1746 529 mundus
1763 493 1836 529 css'et
1846 493 1935 528 lsrael
1949 495 2024 528 Dei.

1210 547 1284 580 Nos
1293 549 1306 584 ‚'
1313 542 1592 592 quibuspatefa&a
1603 542 1648 575 est
1665 543 1756 590 regni
1771 541 1891 577 Christi
1909 543 2025 589 ampli-

1212 594 1360 631 tumbas
1370 591 1527 640 angustias
1537 589 1692 624 transilire
1709 591 1874 625 conuenit.
1900 593 2026 625 Interea

1211 640 1421 675 Nathana‘eiis
1449 638 1594 683 exemplo
1615 636 1714 671 fidem
1735 638 1876 672 nostram
1883 650 2026 673 exercea-

1214 692 1284 722 mu's
1292 688 1400 722 auditu
1412 686 1502 721 verbi
1522 699 1531 718 ι
1549 684 1780 720 confirmemus
1789 685 2028 734 quibuscunque

1213 733 1376 782 possumus
1385 734 1659 770 adminiculisznec
1670 744 1794 768 maneat
1803 733 1984 780 sepulta‚sed
1995 735 2028 769 in

1215 782 1452 820 confessionem
1463 792 1618 828 crumpat.

1248 843 1288 877 50
1318 830 1480 878 *Respondit
1490 829 1594 876 Iesss.)
1605 830 1685 864 Non
1696 827 1899 875 reprehendit
1907 828 2033 864 Natha-

1215 881 1338 914 naelem
1350 877 1433 925 quasi
1443 878 1580 912 nimium
1591 877 1734 911 credulus
1745 874 1850 915 fuerit,
1861 876 1914 911 sed
1923 879 2033 929 potius

1216 926 1271 961 suo
1283 927 1404 961 cal-culo
1414 925 1554 972 probans
1563 926 1629 959 cius
1642 924 1875 963 sidem,maiora
1885 925 1973 973 issi&
1984 937 2034 960 re-

1215 976 1313 1021 liquis
1325 973 1583 1009 confirmationis
1599 985 1783 1020 argumenta
1793 973 2036 1019 promittit.Ad-

1216 1023 1254 1057 dc
1266 1035 1298 1068 qa
1316 1023 1371 1055 vni
1382 1022 1509 1057 homini
1519 1021 1648 1068 speciale
1663 1022 1726 1055 hoc
1743 1032 1809 1055 erat
1827 1043 1837 1059 ‚
1856 1020 1958 1056 visum
1976 1019 2036 1056 effe

1217 1071 1272 1102 sub
1281 1069 1342 1104 ficu
1353 1070 1370 1104 a
1379 1069 1511 1105 Christo
1520 1067 1646 1103 absente
1659 1074 1690 1104 δι
1702 1069 1812 1115 procul
1822 1072 2031 1104 remotoznsic

1217 1129 1295 1152 vero
1304 1118 1533 1163 piobationem
1547 1130 1614 1165 quae
1624 1117 1725 1151 futura
1736 1116 1771 1150 sit
1781 1116 1936 1150 omnibus
1945 1130 2037 1151 com-

1218 1165 1486 1204 munis‚Cl·n-istus
1496 1163 1749 1212 adsernideoque
1759 1162 1939 1199 sermonem
1951 1163 2036 1211 quasi

1218 1225 1254 1247 ex
1263 1212 1398 1258 abrupto
1407 1214 1446 1247 ab
1459 1225 1522 1246 vno
1533 1213 1667 1247 homine
1677 1214 1714 1247 ad
1735 1225 1849 1247 omnes
1866 1214 2036 1247 conuertit.

1254 1271 1279 1306 51
1310 1262 1342 1295 V
1345 1260 1593 1307 tdebttu'‚i11quit‚
1604 1262 1700 1295 caelum
1708 1261 2037 1307 aperlum‚&c.)Mnl-

1219 1319 1288 1343 tum
1300 1320 1407 1342 autem
1418 1320 1521 1342 errant
1530 1331 1540 1347 ‚
1553 1309 1758 1355 meoiudicio
1767 1331 1777 1347 ,
1788 1309 1843 1355 qui
1853 1309 1943 1342 anxie
1954 1321 2034 1354 quae-

1221 1367 1294 1390 runt
1307 1368 1432 1402 tempus
1442 1360 1472 1391 δι
1494 1357 1602 1390 locum
1618 1355 1713 1390 vbi&
1722 1355 2040 1402 quanquathanael

1222 1408 1253 1440 &
1268 1405 1383 1451 reliqui
1394 1405 1502 1439 caelum
1512 1416 1653 1450 apertum
1664 1403 1815 1438 viderint.
1831 1403 1942 1437 Potius
1952 1405 2039 1438 enim

1223 1453 1576 1499 quiddam'continuum
1594 1450 1735 1500 designat
1744 1474 1754 1491 ‚
1762 1452 1850 1500 quod
1859 1450 1979 1499 semper
1989 1465 2041 1487 cx-

1224 1500 1436 1534 taredebebat
1445 1503 1478 1533 'm
1491 1500 1558 1534 eius
1569 1512 1683 1547 regno.
1707 1501 1821 1534 Fateor
1842 1500 1972 1548 quidem
1981 1501 2042 1534 ali-

1225 1548 1351 1596 quoties
1363 1547 1524 1594 discipulis
1531 1547 1617 1584 visos
1637 1545 1726 1581 fuisse
1746 1549 1900 1595 Angelos,
1912 1550 1968 1595 qui
1979 1548 2041 1582 ho-

1226 1598 1277 1630 die
1286 1609 1353 1630 non
1373 1607 1534 1642 apparent.
1564 1597 1677 1630 Fateor
1702 1595 1795 1629 aliam
1812 1594 1901 1630 fuisse
1918 1584 2045 1633 caelesiis

1227 1645 1337 1690 gloriae
1366 1642 1653 1678 manifestationem
1673 1655 1772 1689 quum
1797 1644 1935 1678 ascendit
1946 1644 2044 1679 Chri-

1227 1692 1290 1726 stus
1299 1692 1331 1725 in
1343 1693 1450 1726 caelum
1461 1715 1470 1730 ‚
1483 1692 1577 1738 quani
1589 1702 1673 1725 nunc
1683 1691 1780 1724 nobis
1795 1690 1929 1727 constet.
1951 1694 2012 1727 Sed
2023 1691 2045 1726 si

1227 1740 1521 1786 probereputamus
1531 1739 1619 1787 quod
1631 1750 1706 1772 tunc
1725 1736 1845 1773 foetum
1863 1738 1919 1778 est,
1930 1751 2045 1787 perpe-

1227 1789 1284 1823 tuo
1295 1787 1392 1834 viget.
1404 1790 1602 1834 Namiquum
1613 1787 1699 1832 prius
1716 1786 1812 1821 nobis
1824 1786 1959 1822 clausum
1970 1787 2045 1823 esset

1227 1848 1362 1884 regnum
1375 1836 1452 1874 Dei,
1464 1836 1538 1871 vere
1548 1836 1580 1868 in
1590 1834 1722 1869 Christo
1733 1846 1874 1880 apertum
1882 1833 1951 1870 fuit.
1970 1838 2045 1871 Hu-

1227 1883 1277 1918 ius
1287 1883 1332 1917 rei
1350 1883 1471 1917 visibile
1497 1882 1655 1929 specimen
1675 1883 1796 1918 editum
1815 1881 1875 1917 fuit
1894 1895 1958 1918 tam
1975 1887 2045 1919 Ste-

1227 1931 1335 1978 phano
1353 1935 1384 1966 &
1402 1930 1504 1964 tribus
1512 1929 1670 1975 discipulis
1680 1931 1713 1962 in
1727 1942 1858 1969 monte,
1870 1931 1965 1977 quam
1975 1933 2047 1968 aliis

1229 1978 1430 2024 discipulisin
1442 1977 1561 2013 Christi
1571 1976 1679 2011 ascesu.
1703 1978 1830 2012 Vetnm'
1840 1977 1925 2025 signa
1935 1981 2047 2015 omnia

1228 2027 1346 2073 quibus
1368 2024 1399 2060 se
1417 2028 1509 2061 Deus
1521 2025 1618 2073 nobis
1629 2023 1810 2071 pra-sentem
1820 2025 1979 2066 ostendit,
2005 2030 2046 2064 ad

1229 2074 1295 2109 caeli
1305 2075 1506 2120 apertionem
1516 2074 1826 2119 pertinentnnaxime
1842 2074 1898 2108 vbi
1909 2073 1939 2109 se
1949 2076 2045 2112 nobis

1229 2122 1263 2155 in
1273 2122 1373 2158 vitam
1383 2122 1610 2157 communicat.
1622 2121 1768 2167 Sequitur
1789 2123 1922 2158 alterurn
1940 2137 2044 2160 mem-

1229 2169 1324 2204 brum
1334 2170 1373 2204 de
1382 2170 1526 2216 Angelis.
1541 2169 1586 2203 Hi
1597 2169 1745 2204 dicuntur
1756 2171 1932 2213 Ascendere
1943 2175 1979 2211 (ξ’
1989 2173 2045 2206 de-

1223 2218 1416 2263 scendere‚vt
1428 2218 1541 2252 diuinae
1553 2229 1626 2264 erga
1635 2229 1695 2251 nos
1703 2217 1922 2253 beneficentia:
1931 2219 1990 2253 sint
2000 2221 2046 2254 mi

1232 2266 1491 2313 nistri.Etgo'hac
1514 2265 1705 2312 loquutione
1726 2269 1833 2300 mutua
1843 2266 1924 2301 inter
1933 2270 2044 2303 Deum

1232 2319 1262 2349 δι
1274 2314 1424 2361 homines
1433 2314 1685 2349 communicatio
1694 2324 1833 2349 notatur.
1852 2316 1928 2349 Hoc
1939 2327 2045 2351 autem

1232 2362 1426 2397 beneficium
1445 2361 1576 2397 Christo
1607 2372 1770 2407 acceptum
1788 2359 1869 2397 ferre
1884 2364 2045 2399 conuenit:

1233 2410 1307 2454 quia
1317 2408 1459 2454 fineipso
1479 2409 1712 2454 hostilepotius
1729 2411 1864 2459 Angelis
1880 2411 2046 2446 nobiscum

1237 2455 1401 2489 dissidium
1414 2456 1458 2489 cst
1467 2457 1562 2501 quam
1573 2456 1734 2491 familiaris
1742 2459 1871 2492 iuuandi
1883 2459 1980 2494 nostri
1991 2473 2047 2494 cu-

1234 2514 1277 2535 ra.
1292 2503 1367 2535 ldco
1379 2501 1467 2547 super
1478 2501 1577 2546 ipsum
1593 2502 1761 2539 ‘ascendere
1771 2510 1802 2541 δι
1813 2505 2002 2542 descendere
2014 2507 2048 2542 di

1235 2560 1346 2583 cuntur
1357 2563 1364 2582 ε
1376 2562 1442 2583 non
1461 2549 1548 2595 quod
1559 2549 1606 2582 illi
1617 2548 1675 2583 soli
1684 2553 1862 2587 ministrent
1872 2577 1882 2590 ,
1891 2554 1942 2588 sed
1960 2555 2049 2602 quod

1234 2598 1302 2631 eius
1320 2596 1458 2642 respe&u
1475 2608 1578 2643 atque.
1589 2597 1622 2630 in
1640 2598 1707 2631 eius
1724 2599 1881 2634 honorem
1903 2604 2049 2648 comple-

1235 2645 1358 2679 &cantur
1366 2644 1416 2679 sua
1427 2657 1498 2679 cura
1508 2655 1613 2678 totum
1624 2645 1768 2680 Ecclesiae
1779 2650 1976 2692 corpus.Nec
1987 2650 2047 2683 du-

1232 2692 1305 2727 bito
1323 2693 1400 2739 quin
1420 2692 1457 2726 ad
1471 2692 1582 2727 scalam
1597 2693 1712 2727 alludat
1731 2706 1797 2741 quae
1806 2696 1978 2731 monstrata
1987 2695 2047 2732 fuit

1233 2740 1418 2776 Patriarchae
1441 2741 1540 2774 Iacob
1565 2751 1620 2784 per
1638 2739 1810 2776 somnium.
1829 2744 1902 2778 vere
1915 2745 2042 2780 enimin
2056 2757 2188 2787 Gen.28.c.

1235 2788 1365 2823 Christo
1383 2787 1540 2835 praestatur
1557 2788 1644 2834 quod
1661 2789 1740 2823 visio
1758 2791 1810 2823 illa
1827 2791 2042 2829 adumbrabat.
2054 2800 2090 2821 ¹²·

1233 2836 1321 2870 Deni
1348 2849 1385 2871 ue
1395 2836 1487 2871 huius
1497 2835 1562 2870 loci
1575 2834 1695 2871 summa
1704 2837 1760 2877 est,
1771 2840 1847 2884 Qfi
1854 2837 1928 2874 esset
1936 2850 2041 2876 totum

1235 2849 1517 2931 genusffiumanum
1527 2894 1709 2919 extraneum
1719 2886 1735 2920 Ξι
1744 2899 1777 2920 re
1803 2899 1845 2919 no
1854 2888 1940 2928 Dei,
1958 2900 2042 2925 nunc

1234 2933 1382 2966 caelorum
1392 2934 1517 2966 ianuam
1529 2931 1626 2966 nobis
1635 2931 1695 2966 effe
1704 2898 1937 2979 patesaffihmwt
1947 2935 2041 2971 simus

1234 2979 1319 3013 ciues
1329 2979 1506 3016 sanstorum
1515 2983 1548 3014 δε
1566 2981 1766 3026 Angelorum
1775 2981 1870 3026 socij:
1887 2993 1952 3029 atq·‚
1962 2995 1995 3018 vt
2005 2984 2040 3019 hi

1233 3027 1370 3062 ordinati
1381 3028 1486 3063 salutis
1498 3026 1610 3061 nostrae
1620 3026 1814 3065 custodes‚ex
1823 3028 1911 3065 beata
1930 3032 2039 3077 quiete

1233 3077 1271 3111 ad
1281 3087 1377 3122 opem
1393 3075 1526 3113 miseriis
1535 3074 1650 3110 nostris
1659 3073 1819 3112 ferendam
1840 3077 2038 3114 descendant.

1047 3160 1211 3230 CA'P.
1260 3184 1281 3227 1
1313 3184 1345 3228 1.

415 3365 440 3389 2

420 3309 433 3334 1
474 3291 564 3396 T
569 3298 660 3333 Ertio
668 3297 722 3336 die
730 3302 848 3350 nuptiae
856 3299 946 3347 βάλε
953 3302 1029 3349 fimt
1036 3307 1076 3342 in
1083 3312 1177 3350 Cam
1190 3301 1379 3348 calita&
1389 3313 1464 3342 erat
1470 3316 1579 3345 mater
1588 3304 1652 3360 Ῑψὶ
1661 3304 1738 3344 illic.

571 3359 712 3391 Vocatus
732 3355 777 3405 est
785 3366 894 3392 autem
914 3361 1017 3397 etiam
1025 3361 1110 3413 Iefin
1121 3361 1159 3408 ὠ·
1168 3358 1319 3412 ,diſsipati
1329 3362 1398 3397 eius
1411 3360 1460 3397 ad
1467 3367 1613 3416 nuptia.

420 3418 434 3450 3
478 3413 521 3443 Et
532 3421 631 3458 quum
641 3411 764 3446 vinam
772 3409 1023 3461 defhctffit,dlcit
1031 3428 1138 3455 mater
1148 3415 1211 3468 lesia
1221 3417 1315 3465 illiy
1316 3418 1409 3454 inum
1420 3430 1487 3453 non
1498 3416 1636 3458 habent.

420 3471 448 3507 4
479 3465 570 3501 Dim
578 3465 628 3502 illi
636 3463 836 3522 Iesus,Q1·d
841 3464 904 3505 tibi
911 3481 1036 3510 mecam
1042 3473 1324 3514 mulierwondm
1333 3474 1432 3514 venit
1439 3470 1522 3515 hora
1529 3485 1614 3514 mea.

1841 3542 1867 3582 ’ς
1920 3533 2020 3572 Dicis*
2052 3575 2057 3580 ,
