2310 3841
191 300 337 351 XVII.

343 138 424 199 *174

390 326 413 357 6
446 320 661 365 Manifeffaui
667 330 772 353 nomen
780 319 888 360 mum.)
901 313 966 355 Hic
976 313 1090 363 incipit
1099 313 1200 351 Chri-

356 368 420 407 stus
431 382 492 418 pro
507 368 671 414 discipulis
691 367 753 401 suis
768 368 897 400 Patrem
908 375 1001 399 orare
1018 377 1028 397 ε
1045 368 1076 399 δι
1088 375 1155 411 quo
1165 375 1201 398 a·

358 421 462 457 moris
473 416 588 453 affectu
600 415 703 450 statim
727 424 868 450 mortem
886 424 946 459 pro
963 411 1038 459 ipsis
1053 413 1202 446 obiturus

359 480 425 504 erat
439 482 449 500 .-
469 477 553 500 nunc
565 464 774 498 commendat
787 474 900 497 eorum
913 460 1059 496 salutern.
1094 460 1204 495 Prima

359 528 465 551 antem
478 514 560 548 ratio
581 511 838 548 commendandi
857 510 902 545 est
913 510 1002 557 quod
1020 509 1202 544 doctrinam

360 563 494 609 amplexi
507 560 578 595 sunt
592 573 660 608 quae
671 561 822 596 homines
831 558 932 593 efficit
941 559 1016 593 vere
1027 558 1094 592 Dei
1102 556 1192 605 filiof-

360 614 443 649 Non
473 608 576 645 defuit
596 610 727 657 quidem
738 607 872 643 Christo
889 607 970 642 fides
990 610 1022 642 &
1035 603 1193 688 dwla

361 672 425 707 qua
436 671 553 694 omnes
566 659 603 693 ad
614 660 727 692 Deum
737 657 869 692 vocaret
877 669 886 689 t
898 653 950 690 sed
966 656 999 690 in
1012 655 1062 703 εὶς
1104 654 1108 658 ‘
1124 655 1192 694 tan-

362 708 435 743 tum
447 708 533 741 vtilis
548 712 579 742 &
595 703 778 742 efficaxfuit
788 707 857 739 eius
868 704 975 738 labor.
1003 700 1191 750 Cqfflffl⁰¹¹¹⁸

363 756 522 792 omnibus
541 755 602 790 fuit
624 755 691 790 eius
715 754 901 801 praedicatio
917 749 1052 800 quaeD⁶¹
1071 748 1194 792 ”pmcn

365 802 608 841 manifestabat:
627 816 688 839 nec
696 802 817 838 destitit
828 794 1005 842 etiamapfld
1014 787 1195 844 obstinatos

363 854 505 902 gloriam
517 854 586 887 eius
595 850 740 887 afferere.
753 853 822 887 Cur
832 859 908 896 ergo
917 845 945 877 se
955 845 1195 890 P³Pc¹⁵f3¹mffm

367 900 578 938 manifestasse
588 901 668 936 dicit
677 923 688 939 ‚
700 899 758 935 nifi
769 899 840 947 quia
847 893 901 948 soli
912 887 1006 920 ‘¹⁶3¹
1017 887 1134 930 SPffltu
1144 895 1196 917 ¹¹¹*

366 962 420 986 tus
431 952 570 986 docente
581 943 897 996 proficiunt‘r'Coffige
907 945 1068 980 ‘rgo’non
1080 944 1195 966 0¹¹¹¹¹e⁵

368 998 489 1048 qulbus
500 999 694 1045 proponitur
705 991 844 1038 doctrina
855 1009 863 1022 ‚
884 986 959 1036 vere
971 986 1002 1018 ἃ
1026 979 1197 1016 efficaciter

370 1047 551 1083 doceri:sed
561 1057 698 1094 quorum
708 1046 826 1077 mentes
837 1033 1068 1066 illuminantur.
1105 1029 1199 1064 Cau-

370 1095 435 1132 sam
446 1095 600 1131 eleffioni
611 1093 674 1130 Dei
684 1081 826 1120 Christus
835 1080 981 1127 affignat:
1003 1081 1077 1127 quia
1088 1089 1155 1112 non
1166 1089 1199 1110 a-

371 1146 440 1180 liud
451 1145 618 1179 discrimen
629 1134 717 1183 ponit
732 1144 786 1166 cur
804 1130 876 1164 axiis
886 1128 1053 1176 praetcritis
1065 1123 1200 1160 manife-

372 1192 502 1229 stauerit
511 1186 690 1238 quibusdam
703 1179 801 1213 Patris
814 1189 938 1212 nomen
949 1175 1038 1215 ,-nis1
1057 1175 1131 1221 quia
1143 1171 1201 1209 fibi

373 1242 438 1277 dm
449 1249 545 1276 emm,
583 1231 676 1263 Vnde
686 1227 825 1274 sequitur
843 1225 941 1260 fidem
953 1238 990 1258 ex
1006 1226 1122 1259 aeter'na
1135 1222 1202 1258 Dei

374 1279 642 1337 praedestinatione
661 1289 788 1312 manare
797 1298 808 1315 ,
835 1279 866 1311 &
882 1275 958 1309 ideo
969 1286 1035 1308 non
1046 1270 1202 1306 omnibus

373 1330 546 1384 promiscue
565 1326 632 1360 dari
650 1339 658 1358 ·.
683 1325 757 1372 quia
769 1337 836 1358 non
856 1335 972 1358 omncs
981 1322 1018 1357 ad
1035 1319 1203 1356 Christum

371 1381 539 1431 pei-tinent.
578 1377 688 1422 Qm
698 1372 785 1408 addit
795 1396 805 1412 ‚
825 1372 891 1407 Tui
900 1381 989 1405 erant
998 1394 1008 1409 ‚
1019 1375 1057 1410 (ᾐ-
1068 1382 1118 1403 eos
1127 1368 1203 1403 mihi

369 1426 474 1467 dedisti
485 1447 494 1463 ,
506 1423 652 1470 prinnini
662 1422 712 1457 hia
725 1421 833 1456 verbis
846 1431 975 1456 notatur
985 1418 1155 1453 electionis
1162 1430 1205 1452 ae—

369 1475 516 1509 ternitas:
535 1471 653 1507 deinde
671 1470 842 1517 quomodo
853 1469 870 1503 ὲ
882 1467 979 1503 nobis
998 1466 1206 1502 consideran-

368 1524 407 1558 da
421 1522 468 1556 sit.
507 1522 660 1556 Declarat
680 1517 830 1554 Christus
847 1517 912 1551 Dei
934 1515 1055 1561 semper
1066 1512 1155 1549 fuiffe
1172 1525 1208 1548 e-

368 1573 482 1606 lecffos.
520 1570 589 1604 Eos
599 1580 677 1615 ergo
689 1570 781 1603 Deus
791 1567 809 1602 ὲ
818 1564 965 1611 reprobis
974 1564 1126 1598 diicernit
1137 1574 1205 1596 non

370 1621 435 1656 fide
448 1629 498 1654 aut
511 1618 577 1652 vllo
590 1610 775 1653 mffitoded
788 1627 875 1648 mera
885 1613 986 1662 gratia
1013 1626 1021 1646 :
1047 1611 1121 1659 quia
1131 1611 1209 1645 dum

371 1666 510 1705 maxime⁷
520 1665 559 1700 ab
572 1663 641 1713 ipso
652 1664 748 1698 alieni
759 1662 841 1700 sunt,
854 1675 913 1709 pro
924 1659 986 1695 suis
996 1671 1103 1694 tamen
1115 1658 1147 1694 in
1158 1670 1209 1692 ar-

372 1729 456 1754 cano
470 1713 607 1750 consilio
628 1723 763 1758 reputat.
789 1710 962 1746 Certitudo
973 1709 1005 1742 in
1017 1721 1057 1742 eo
1069 1705 1212 1743 consistit

373 1765 462 1814 quod
474 1762 556 1798 Filio
568 1762 665 1795 tradit
682 1761 716 1794 in
727 1759 905 1795 custodiam
923 1756 1131 1806 quoscunque
1143 1755 1208 1789 ele-

374 1807 477 1861 git‚ne
488 1820 630 1857 pereant.
648 1809 690 1843 Et
700 1807 761 1843 huc
773 1808 936 1843 coniicere
944 1806 1058 1841 oculos
1069 1813 1210 1849 oportet,

375 1872 410 1898 vt
426 1861 517 1896 certo
535 1870 701 1893 teneamus
718 1869 780 1890 nos
797 1855 859 1890 ess'e
883 1867 920 1889 ex
931 1854 1047 1888 ordine
1065 1851 1210 1886 filiorum

375 1910 532 1945 Dei.nam
545 1907 578 1940 in
589 1904 618 1940 sc
634 1903 820 1938 abscondita
837 1901 882 1937 est
892 1902 957 1936 Dei
970 1898 1213 1947 praedestinatio:

377 1959 411 1993 in
422 1956 492 1991 solo
502 1968 608 1989 autem
618 1952 752 1988 Christo
762 1950 862 1985 nobis
873 1949 997 1996 patefit.
1045 1949 1216 1982 Sermonem

377 2001 748 2047 tuumfiruauerunt.Hic
760 1999 873 2034 tertius
885 1997 929 2033 est
938 1997 1064 2046 gradus.
1088 1995 1216 2031 Primus

379 2054 467 2089 enim
479 2051 523 2087 est
533 2052 651 2086 elestio
662 2048 808 2096 gratuita:
823 2046 977 2082 secundus
991 2045 1216 2084 autetmdona·

379 2104 428 2137 tio
439 2103 492 2135 illa
503 2113 564 2147 qua
581 2098 748 2133 transimus
759 2097 792 2131 in
804 2095 926 2132 christi
939 2097 1084 2130 tutelam.
1109 2094 1216 2127 Rece-

380 2152 427 2199 pti
438 2152 453 2186 a
464 2148 667 2194 Chr·sto‚per
678 2146 776 2181 fidem
787 2146 820 2181 in
832 2144 920 2178 ouile
929 2142 1218 2191 aggregamur.Re-

380 2200 495 2248 probis
507 2195 609 2232 effluit
618 2193 723 2230 sermo
737 2194 823 2232 Dei,
841 2191 892 2227 sed
903 2195 985 2239 apud
995 2192 1118 2226 eleetos
1131 2189 1219 2224 radi—

383 2261 454 2283 cem
464 2246 627 2293 ngie-vnde
636 2242 756 2277 seruare
772 2255 843 2276 eum
854 2242 1013 2276 dicuntur.

421 2307 443 2338 7
481 2294 579 2328 Nunc
589 2289 827 2328 nomm-101³&
837 2290 1023 2336 exprimitur
1035 2288 1122 2334 quod
1134 2286 1167 2320 in
1179 2285 1219 2320 fi-

385 2344 426 2378 de
438 2343 630 2388 praecipuum
644 2338 688 2372 est
697 2361 707 2375 ‚
720 2339 797 2372 dum
807 2338 849 2370 ita
860 2339 892 2370 in
904 2336 1070 2372 Christum
1081 2335 1222 2369 creditur

387 2404 421 2426 Vt
430 2391 512 2426 fides
523 2401 591 2423 non
602 2386 741 2421 subsistat
754 2386 785 2419 in
798 2386 901 2419 carnis
912 2383 1048 2431 aspectu,
1060 2383 1111 2417 sed
1122 2383 1222 2417 Diui-

387 2453 463 2475 nam
475 2440 542 2473 eius
553 2437 705 2473 virtutem
725 2433 899 2480 concipiat.
936 2437 1049 2478 Qum
1069 2433 1156 2464 enim
1175 2430 1226 2464 di-

389 2490 434 2523 cit
449 2510 459 2526 ,
469 2486 507 2521 N
511 2494 637 2520 onerum
655 2482 708 2516 abs
719 2493 749 2515 te
766 2480 1009 2526 effe‘quaecunque
1027 2478 1099 2512 mihi
1109 2477 1227 2520 dednsti:

390 2532 673 2582 in'elligitdideles
684 2530 839 2578 quicquid
851 2528 970 2562 habent
984 2525 1100 2562 sentire
1109 2525 1229 2559 caeleste

392 2584 454 2620 effe
471 2597 506 2619 ac
515 2582 689 2618 Diuinum.
719 2578 760 2612 Et
770 2578 854 2612 certe
866 2576 922 2610 nisi
932 2578 1040 2610 Deum
1051 2572 1228 2619 apprehen-

395 2635 502 2667 dimus
511 2632 545 2665 in
558 2628 704 2666 Christo,
714 2625 871 2673 perpetuo
883 2637 944 2659 nos
954 2623 1100 2659 vacillare
1109 2618 1232 2655 necesse

397 2682 469 2716 erit.

434 2731 452 2763 8
487 2730 528 2762 Et
542 2724 594 2772 ipfi
610 2726 815 2771 acceperunt.)
837 2719 999 2767 Exprimit
1017 2718 1152 2754 modum
1172 2716 1236 2752 hu-

399 2777 448 2812 ius
465 2776 588 2810 notitia
598 2788 605 2808 ε
617 2774 691 2820 quia
701 2772 848 2806 traditam
860 2769 900 2803 ab
910 2767 979 2815 ipso
990 2768 1172 2803 doctrinam
1182 2778 1232 2800 re—

402 2824 557 2871 ceperint.
578 2824 639 2857 Sed
652 2821 765 2867 nequis
778 2819 960 2854 docuinam
972 2817 1039 2851 eius
1048 2825 1169 2862 putaret
1179 2814 1237 2848 hu—

403 2886 530 2907 manam
541 2871 599 2906 effe
612 2894 622 2909 ‚
632 2872 683 2907 vel
694 2869 726 2903 in
739 2880 822 2902 terra
835 2877 940 2901 natam
953 2890 961 2903 ‚
981 2867 1092 2900 Deum
1108 2863 1174 2898 eius
1183 2875 1239 2897 au-

402 2921 533 2956 thorem
544 2917 604 2955 esse
613 2918 898 2966 profitetur‚quum
909 2913 1102 2952 dicit‚Verba
1111 2923 1172 2958 qua
1180 2909 1252 2945 de-⁴

404 2968 473 3009 dtstz'
484 2966 643 3007 mihi‚dedi
652 2968 703 3000 eu.
725 2965 886 3011 Loquitur
895 2962 1073 3000 auten1,suo
1085 2972 1194 2998 more,
1205 2958 1239 2993 in

403 3016 597 3055 Medic-toris
613 3015 663 3048 vei
683 3011 821 3049 ministri
840 3010 974 3058 persona
997 3033 1008 3049 ,
1038 3021 1138 3057 quum
1159 3007 1237 3044 dicit

404 3063 437 3100 se
467 3064 592 3097 tantum
619 3060 758 3097 docuisse
785 3060 877 3108 quod
895 3061 913 3094 a
930 3063 1022 3094 Patre
1042 3065 1236 3104 acceperant.

406 3114 496 3150 Nam
521 3111 596 3157 quia
613 3110 744 3144 humilis
771 3108 875 3144 adhuc
891 3119 956 3142 erat
976 3106 1073 3153 ipsius
1091 3106 1124 3140 in
1146 3116 1239 3140 carne

409 3160 556 3196 conditio
567 3181 577 3197 ‚
597 3163 628 3193 &
640 3156 694 3191 sub
706 3156 808 3192 forma
818 3156 899 3191 serui
914 3156 1036 3191 Diuina
1049 3152 1240 3189 eiuslatebat

409 3207 553 3244 maiestas
566 3230 576 3245 ‚
593 3207 701 3240 Deum
712 3206 820 3253 potius
829 3204 996 3239 subpatris
1010 3201 1144 3249 persona
1162 3200 1242 3236 desi-

410 3267 499 3301 gnat.
521 3259 644 3290 Interea
656 3253 831 3287 tenendum
850 3252 894 3286 est
905 3252 993 3298 quod
1005 3250 1106 3285 initio
1117 3248 1243 3286 testatus

411 3295 457 3340 Est
467 3304 794 3349 lohannes,quatenus
807 3299 953 3334 Christus
964 3310 1091 3346 eternus
1103 3310 1170 3333 erat
1181 3297 1246 3333 Dei

410 3355 544 3390 Sermo,
563 3363 662 3387 vnum
681 3347 767 3382 fuiss'e
788 3346 910 3393 semper
922 3359 995 3381 cum
1014 3349 1104 3380 Patre
1125 3348 1245 3381 Deum.

413 3399 524 3433 Sensus
534 3399 577 3434 est
588 3394 866 3446 igitur,Christum
877 3395 1007 3430 fidelem
1017 3392 1105 3431 fuifl'e
1113 3395 1180 3430 Dei
1190 3405 1240 3428 te—

413 3446 491 3481 stem
502 3449 583 3494 apud
593 3446 766 3493 discipulos
777 3466 788 3483 ,
804 3455 837 3480 vt
847 3455 960 3478 eorum
977 3442 1057 3478 fides
1068 3442 1196 3478 nonnisi
1205 3443 1240 3477 in

959 129 1037 181 IN
1088 125 1501 180 EVANoi-:L
1591 84 1648 163 M

187 232 300 296 Cap,
340 220 441 274 serua
449 231 505 259 eos
515 219 555 259 in
565 216 705 258 nomine
717 222 775 253 tuo
785 222 869 266 quos
878 207 1006 252 dedisti
1014 209 1236 265 mihi,vtssnt
1243 223 1358 249 vnum
1357 206 1447 264 βενε
1495 213 1520 237 5·
1549 237 1552 240 -

1379 311 1388 318 ·
1410 302 1520 337 eritate
1529 296 1657 335 fundata
1665 297 1854 347 effet,quum
1863 300 1959 334 Pater
1968 296 2033 345 ipse
2043 299 2077 334 in

1372 359 1488 399 quutus
1496 345 1603 383 fuerit.
1623 349 1786 384 Caeterum
1798 348 1875 382 inde
1884 348 2028 396 receptio
2038 348 2079 383 de

1327 407 1468 446 oquitur,
1478 397 1553 444 quia
1562 395 1734 433 efficaciter
1743 410 1798 444 per
1807 397 1961 443 Spiritum
1974 397 2082 432 mani⁴

1304 452 1367 484 auit
1378 446 1443 480 illis
1453 446 1557 480 Patris
1567 458 1702 481 nomen.
1738 449 1779 481 Et
1788 458 1987 494 cognouerunt
1997 443 2083 481 vere.

1242 501 1334 535 idem
1347 495 1435 541 quod
1444 494 1534 541 prius
1547 495 1696 541 attigerat
1706 515 1716 533 ‚
1738 494 1807 529 aliis
1825 493 1934 529 verbis
1953 495 2083 540 repetit.

1244 558 1318 580 nam
1330 542 1498 578 Christum
1511 542 1642 577 exiiffea
1651 545 1743 577 Patre
1752 566 1763 582 ,
1782 546 1814 578 &
1831 542 1921 578 fuiffe
1942 541 2083 583 missum,

1242 592 1433 627 tantundem
1445 592 1529 628 valet
1538 602 1635 639 atque
1645 590 1721 626 illud
1731 592 1821 639 quod
1831 589 2013 638 praecesfitfli
2023 594 2084 625 Pa-

1245 653 1293 676 tre
1303 639 1363 675 effe
1374 653 1573 688 quecunque
1585 640 1694 674 habet.
1711 642 1842 675 Summa
1853 639 1908 679 est,
1919 639 2020 675 fidem
2031 651 2086 673 re-

1245 690 1297 725 ἀὲ
1307 689 1424 724 debere
1433 688 1602 724 Christum
1613 689 1750 723 intueri:
1771 688 1876 723 sedita
1886 699 1920 723 vt
1928 688 2009 723 nihil
2019 699 2086 722 ter-

1246 751 1361 773 renum
1372 739 1424 773 vel
1437 737 1688 785 contemPtibile
1699 738 1738 771 de
1747 737 1816 783 ipso
1827 735 1922 784 sapiat
1930 760 1941 777 ‚
1959 736 2010 773 sed
2020 736 2087 771 sur-

1247 786 1316 822 sum
1327 784 1444 821 feratur
1453 787 1491 821 ad
1503 787 1661 821 Diuinam
1674 785 1740 820 eius
1750 786 1941 831 potentiam:
1951 798 1985 821 vt
1994 785 2086 820 certo

1248 835 1362 872 statuat
1372 837 1483 871 Deum
1495 839 1527 870 δε
1545 835 1699 883 quicquid
1709 837 1774 870 Dei
1785 834 1830 869 est
1839 857 1849 874 ‚
1861 832 2002 880 perfefiie
2015 845 2046 868 in
2057 834 2088 867 i-

1249 882 1307 932 pso
1318 884 1350 920 se
1360 883 1489 918 habere.
1517 883 1709 920 Notandum
1721 884 1820 918 etiam
1831 883 1920 930 quod
1932 883 1966 916 in
1978 882 2089 929 priore

1251 932 1404 969 membro
1415 932 1614 980 Cognoscends‘
1629 932 1731 967 verbo
1746 934 1846 968 vtitur
1857 945 1865 966 :
1876 931 1994 966 deinde
2010 932 2089 964 Cre-

1251 981 1348 1017 denda*
1357 980 1493 1017 verbum
1504 981 1717 1030 vsurpat.nam
1728 981 1772 1016 ita
1781 979 2033 1019 admonet‚nihil
2045 979 2090 1013 ri-

1251 1041 1285 1066 te
1296 1031 1335 1066 de
1346 1031 1424 1065 Deo
1434 1028 1521 1076 posse
1532 1028 1688 1077 cognosci
1699 1030 1756 1064 nisi
1765 1041 1821 1076 per
1830 1028 1928 1064 fidem
1936 1028 2050 1063 :sedin
2061 1027 2091 1062 i-

1251 1078 1304 1126 psa
1324 1078 1389 1114 fide
1409 1089 1532 1113 tantum
1557 1077 1678 1113 subeffe
1697 1078 1901 1114 certitudinis
1916 1087 1952 1111 vt
1969 1076 2091 1112 merito
2125 1084 2128 1086 '

1256 1127 1387 1164 scientia
1401 1127 1550 1162 vocetur.

1291 1188 1312 1220 9
1351 1174 1473 1223 Egapro
1483 1175 1548 1224 ipsis
1557 1179 1657 1225 rogo.)
1685 1175 1854 1211 Hactenus
1872 1173 1982 1209 retulit
1990 1172 2093 1208 Chri-

1254 1223 1320 1260 stus
1337 1227 1425 1272 quod
1445 1225 1578 1271 gratiam
1598 1225 1774 1259 conciliare
1783 1234 1910 1270 poterat
1930 1219 2093 1269 discipulis

1254 1274 1335 1320 apud
1348 1276 1474 1307 Patrem
1489 1286 1496 1305 :
1511 1285 1595 1306 nunc
1605 1273 1826 1318 precationem
1845 1270 1945 1317 ipsam
1958 1269 2092 1309 format,

1255 1322 1289 1356 in
1299 1334 1361 1368 qua
1371 1320 1513 1355 ostendit
1532 1321 1612 1354 nihil
1624 1321 1654 1355 se
1672 1332 1780 1367 petere
1792 1317 1850 1353 nisi
1867 1318 1970 1354 Patris
1978 1320 2094 1353 voiun-

1255 1372 1316 1404 tati
1325 1369 1577 1406 consentaneum
1588 1390 1598 1408 ‚
1609 1371 1683 1417 quia
1694 1368 1781 1405 Patri
1793 1367 2003 1403 commendet
2012 1368 2096 1402 dun-

1255 1428 1339 1453 taxat
1349 1430 1432 1466 quos
1442 1417 1508 1464 ipse
1516 1419 1603 1451 vltro
1615 1428 1710 1452 amat.
1755 1415 1878 1463 Aperte*
1893 1417 1983 1451 enim
1994 1414 2025 1450 se
2035 1427 2096 1462 pro

1258 1468 1381 1502 mundo
1391 1478 1484 1501 orare
1493 1477 1607 1513 negat,
1619 1468 1693 1513 quia
1703 1465 1846 1501 solicitus
1857 1477 1925 1499 non
1937 1464 1974 1499 fit
1984 1464 2044 1500 nifi
2054 1464 2097 1499 de

1258 1516 1393 1562 proprio
1402 1526 1613 1563 grege‚quem
1624 1527 1661 1549 ex
1671 1527 1765 1549 manu
1775 1513 1877 1549 Patris
1883 1511 2098 1561 accepit.Pos-

1260 1562 1305 1598 set
1315 1575 1425 1598 tamen
1436 1563 1538 1599 videri
1550 1562 1614 1597 hoc
1625 1562 1919 1609 absurdum.neque
1929 1562 2016 1596 enim
2028 1573 2099 1596 me-

1260 1613 1323 1646 lior
1332 1611 1459 1658 precidi
1469 1611 1579 1659 regula
1591 1611 1732 1645 inueniri
1743 1609 1848 1656 potest
1858 1609 1954 1656 quam
1965 1609 1987 1643 fi
1997 1609 2099 1644 Chri-

1261 1660 1344 1695 stum
1355 1661 1471 1694 ducem
1489 1663 1522 1694 &
1535 1658 1722 1707 magistrum
1733 1657 1915 1704 sequamur.
1939 1658 2042 1704 Atqui
2051 1658 2096 1691 iu-

1261 1707 1376 1742 bemur
1387 1719 1446 1754 pro
1455 1706 1610 1742 omnibus
1619 1719 1728 1742 orare:
1750 1706 1866 1741 deinde
1877 1705 2025 1740 Christus
2034 1705 2100 1753 ipse

1262 1754 1484 1791 indifferenter
1493 1755 1602 1801 postea
1619 1766 1680 1801 pro
1698 1754 1853 1790 omnibus
1865 1755 1989 1793 orauit,
2007 1758 2101 1789 Pater

1262 1802 1394 1851 ignosce
1405 1803 1556 1850 illis,quia
1567 1803 1710 1838 nesciunt
1720 1803 1798 1850 quid
1810 1802 1941 1837 faciunt.
1951 1801 2102 1849 Respon-

1263 1853 1326 1887 deo
1337 1875 1347 1890 ,
1358 1863 1470 1898 preces
1479 1864 1557 1898 quas
1565 1863 1625 1896 pro
1643 1852 1798 1886 omnibus
1815 1851 2038 1897 concipimus,
2051 1863 2102 1886 re-

1264 1900 1378 1948 stringi
1389 1910 1497 1934 tamen
1509 1899 1547 1934 ad
1556 1899 1622 1934 Dei
1634 1900 1766 1934 eleetos.
1791 1902 1938 1938 Hunc,&
1951 1901 2054 1938 illum,
2069 1902 2104 1934 &

1267 1949 1411 1998 singulos
1429 1958 1541 1994 optare
1559 1946 1717 1981 debemus
1735 1947 1836 1982 saluos
1856 1947 1917 1982 effe
1926 1971 1937 1986 ‚
1955 1959 2050 1995 atque
2061 1948 2104 1982 ita

1267 1997 1442 2044 compleRi
1452 2007 1559 2031 totum
1569 1995 1746 2040 humanum
1758 1996 1948 2043 genus:quia
1957 1997 2105 2032 nondum

1267 2045 1465 2094 distinguere
1483 2044 1559 2079 licet
1578 2043 1904 2091 eleetosareprobis:
1921 2045 2042 2080 interea
2057 2055 2107 2078 ta-

1269 2107 1343 2130 men
1356 2095 1529 2129 aduentum
1543 2093 1713 2140 regni-Dei
1725 2094 1883 2139 optando,
1894 2093 1983 2128 simul
1995 2097 2105 2141 preca-

1269 2156 1341 2178 mur
1351 2153 1384 2178 vt
1395 2141 1503 2176 hostes
1511 2139 1583 2176 suos
1593 2141 1715 2188 perdat.
1743 2143 1821 2176 Hoc
1833 2151 1957 2176 tantum
1967 2139 2108 2180 interest,

1270 2192 1360 2239 quod
1371 2203 1431 2237 pro
1442 2190 1592 2224 omnium
1601 2190 1696 2224 salute
1706 2202 1835 2224 oramus
1846 2189 1927 2236 quo's
1937 2186 2108 2237 cognosci-

1271 2253 1342 2275 mus
1352 2241 1390 2274 ad
1401 2239 1577 2286 imaginem
1590 2238 1655 2273 Dei
1667 2235 1728 2272 esse
1739 2242 1908 2277 creatos&
1919 2238 2038 2285 quibus
2049 2250 2108 2272 no-

1270 2287 1393 2323 biscum
1405 2288 1516 2323 eadem
1527 2286 1571 2321 est
1581 2297 1710 2320 natura:
1722 2299 1836 2320 eorum
1855 2287 2022 2321 interitum
2039 2285 2110 2320 Dei

1271 2338 1302 2371 iu
1308 2337 1394 2372 dicio
1404 2336 1624 2383 permittimus
1634 2346 1715 2382 quos
1733 2333 1798 2380 ip'se
1806 2334 1966 2380 reprobos
1980 2332 2040 2370 effe
2050 2346 2111 2368 no-

1274 2385 1533 2420 uit.Precationis
1544 2394 1650 2418 autem
1662 2395 1731 2430 quae
1741 2383 1793 2418 hic
1803 2382 1938 2418 refertur
1951 2405 1962 2421 ‚
1979 2384 2038 2418 alia
2048 2381 2111 2416 fuit

1276 2432 1419 2480 quaedam
1429 2431 1572 2478 specialis
1582 2431 1662 2464 ratio
1671 2453 1682 2469 ,
1704 2445 1773 2478 quae
1793 2435 1824 2467 in
1835 2432 2018 2479 exemplum
2027 2430 2111 2465 trahi

1276 2492 1345 2514 non
1357 2478 1465 2513 debet.
1485 2481 1603 2526 Neque
1612 2479 1699 2512 enim
1712 2493 1749 2514 ex
1757 2482 1846 2515 nudo
1856 2481 1981 2515 tantum
1992 2479 2068 2514 fidei
2079 2482 2112 2515 δέ

1280 2527 1442 2561 charitatis
1451 2525 1537 2560 sensu
1549 2525 1696 2561 Christus
1705 2539 1787 2563 orat:
1798 2527 1851 2563 sed
1861 2530 1950 2575 adyta
1960 2529 2112 2563 caelorum

1280 2572 1435 2622 ingress'us
1445 2597 1455 2613 ,
1465 2586 1538 2608 ante
1552 2575 1666 2609 oculos
1676 2573 1773 2609 habet
1794 2589 1904 2610 arcana
1915 2575 2114 2610 Patrisiudi-
2154 2604 2158 2607 .

1281 2623 1411 2669 cia‚quae
1423 2635 1485 2656 nos
1495 2623 1569 2657 latet
1578 2624 1717 2669 quandiu
1728 2635 1782 2669 per
1792 2623 1893 2657 fidem
1902 2621 2113 2657 ambulamus.

1282 2671 1386 2707 Porro
1403 2683 1440 2705 ex
1459 2670 1510 2704 his
1520 2670 1626 2705 verbis
1636 2671 1821 2718 colligimus
1829 2694 1838 2710 ,
1851 2673 1961 2705 Deum
1972 2683 2056 2718 quos
2064 2670 2115 2704 vi-

1284 2720 1352 2754 sum
1367 2718 1411 2754 est
1422 2718 1479 2752 sibi
1491 2732 1527 2753 ex
1537 2720 1659 2753 mundo
1671 2719 1812 2766 deligere
1822 2720 1894 2754 vitae
1914 2719 2055 2754 haeredes
2063 2716 2117 2753 fu-

1284 2779 1385 2806 turos,
1396 2779 1431 2802 ac
1440 2767 1609 2803 discrimen
1620 2766 1684 2802 hoc
1693 2780 1761 2801 non
1774 2767 1885 2804 haberi
1896 2780 1932 2802 ex
1941 2767 2115 2803 hominum

1286 2816 1405 2851 merito
1416 2840 1425 2856 ,
1443 2815 1495 2850 sed
1505 2828 1542 2850 ex
1553 2828 1645 2850 mero
1655 2817 1739 2850 illius
1750 2812 1956 2862 beneplacito
1964 2816 2116 2862 pendere.

1286 2866 1374 2900 Nam
1385 2864 1441 2911 qui
1457 2865 1492 2898 in
1509 2863 1700 2900 hominibus
1716 2863 1855 2900 statuunt
1865 2863 2034 2900 electionis
2042 2875 2116 2897 cau-

1288 2911 1385 2951 sanha
1395 2912 1459 2947 fide
1470 2912 1625 2958 incipiant
1635 2923 1776 2958 oportet.
1786 2911 1917 2948 Diserte
1924 2922 2028 2946 autem
2039 2923 2118 2958 pro-

1288 2960 1415 2995 nuntiat
1432 2959 1578 2996 Christus
1594 2984 1604 3000 ‚
1623 2962 1725 2996 Patris
1735 2960 1825 2996 fuiffe
1841 2962 1898 3009 qui
1915 2959 1973 2994 fibi
1991 2960 2120 2996 dantur.

1285 3010 1422 3044 Certum
1434 3019 1539 3043 autem
1549 3009 1594 3044 est
1604 3010 1678 3044 ideo
1688 3009 1755 3044 dari
1766 3021 1799 3044 vt
1808 3009 1938 3043 credant
1946 3029 1956 3046 ‚
1968 3010 2000 3042 δε
2018 3007 2118 3043 fidem

1285 3069 1323 3091 ex
1332 3057 1389 3091 hac
1400 3057 1576 3093 donatione
1587 3057 1697 3092 fluere.
1722 3058 1755 3092 Si
1765 3057 1843 3093 fidei
1853 3057 1949 3102 origo
1963 3055 2007 3090 est
2016 3056 2120 3091 dona-

1285 3104 1335 3138 tio
1348 3104 1449 3141 ista,&
1461 3117 1530 3140 eam
1541 3105 1657 3141 ordine
1668 3118 1703 3140 ac
1718 3110 1831 3153 tEpore
1839 3103 1979 3150 precedit
1989 3104 2120 3139 eleetio:

1287 3153 1365 3199 quid
1376 3154 1458 3188 aliud
1469 3154 1562 3189 restat
1573 3154 1630 3188 nisi
1641 3165 1674 3188 vt
1683 3153 1836 3187 fateamur
1844 3151 1939 3198 gratis
1951 3153 2025 3199 eligi
2037 3165 2120 3199 quos

1289 3203 1381 3236 Deus
1390 3203 1407 3235 e
1419 3203 1541 3237 mundo
1552 3204 1619 3237 vult
1629 3201 1852 3237 seruatosssam
1862 3212 1961 3247 quum
1970 3200 2121 3236 Christus

1289 3261 1349 3296 pro
1369 3248 1444 3283 solis
1462 3251 1575 3285 electis
1593 3261 1665 3285 oret
1673 3272 1684 3289 ,
1701 3247 1866 3283 necessaria
1886 3247 1926 3283 est
1947 3248 2044 3283 nobis
2054 3250 2121 3284 ele-

1290 3296 1410 3332 dionis
1419 3296 1534 3334 fides‚si
1545 3297 1676 3333 salutem
1687 3296 1825 3331 nostram
1836 3297 1919 3330 Patri
1932 3298 2069 3332 velimus
2078 3297 2122 3331 ab

1290 3344 1360 3391 ipso
1370 3346 1749 3381 commendari.Grauem
1759 3356 1839 3392 ergo
1849 3343 2121 3381 fidelibusiniuria

1285 3392 1424 3433 faciunt,
1442 3394 1497 3439 qui
1507 3395 1676 3428 electionis
1684 3393 1833 3427 notitiam
1845 3393 1950 3428 delere
1962 3405 2122 3428 conantur

1287 3455 1324 3478 ex
1334 3454 1447 3479 eorum
1456 3442 1583 3481 animis,
1595 3442 1682 3491 quod
1693 3454 1749 3476 eos
1759 3440 1882 3480 Christi
1891 3439 2043 3492 suffragio
2053 3440 2122 3488 pri-

2032 3499 2119 3526 uant.

1251 325 1314 349 vna
1322 314 1356 348 D

1251 363 1313 397 Fili
