2310 3841
918 144 1278 190 COMMENT.

231 207 370 244 liandam
381 207 442 245 esse
452 210 660 247 tribuquda
671 209 726 247 suo
747 211 925 259 principatu
939 237 951 254 ‚
969 226 1061 249 ante.

230 268 327 304 quain
341 260 465 295 veniret
478 259 714 296 Christustsed
732 262 880 308 regimen
899 264 1011 309 populi
1031 266 1065 298 in

231 319 268 340 ea
275 305 346 340 fote
356 307 468 343 stabile
479 309 575 356 vsque
584 311 622 344 ad
634 309 799 345 Christum
809 331 819 348 ,
834 310 868 343 in
887 313 975 346 cuius
991 324 1064 358 pei·-

231 354 308 390 sona
327 378 338 395 ‚
359 356 459 393 solida
468 360 599 392 demum
610 355 685 392 efl'et
704 360 770 392 eius
779 360 984 405 perpetuitas.
996 360 1064 395 Etsi

225 415 333 439 autem
357 416 424 452 quo
453 418 602 453 tempore
620 405 799 441 floruerunt
809 407 987 443 Machabaei
1006 410 1064 443 tri-

228 452 290 487 bus
301 455 378 488 inda
392 453 457 490 sere
466 456 499 489 in
520 456 671 489 ordinem
691 456 849 501 priuatum
864 458 972 491 maesta
984 468 1062 496 erat,

229 506 262 538 &
273 504 369 547 paulo
377 502 448 548 post
459 505 522 538 dux
533 505 663 538 Vltimus
674 516 711 537 ex
720 514 817 551 gente
833 505 887 538 illa
899 506 1064 540 iohannes

227 549 351 585 occisus
361 549 419 585 fuit
432 565 440 585 ε
453 563 519 585 non
540 563 646 586 tamen
665 553 698 585 in
712 564 817 587 totum
836 554 993 588 cxtineius
1002 551 1063 589 fuit

227 598 501 647 dominatus‚quia
515 601 667 634 manebat
679 601 782 635 adhuc
798 600 964 647 synedrion
974 626 985 639 ‚
997 601 1063 638 hoc

228 646 274 681 est
284 649 444 683 delectum
453 649 628 683 concilium
638 661 675 682 ex
688 647 809 683 familia
820 655 850 684 ὅ(
860 651 997 696 poneris
1010 653 1062 685 Da

228 696 313 730 uidis
323 718 333 734 ‚
347 709 436 731 cuius
447 698 566 732 summa
577 709 643 732 crat
656 698 853 731 authoritas:
870 699 1062 746 durauitque

227 743 327 791 Vsque
337 747 375 778 ad
388 746 555 781 Herodem
574 769 585 783 ‚
603 746 659 793 qui
678 745 965 782 nefandaiudicum
977 749 1062 782 caede
1086 765 1089 768 ·

228 804 361 839 poenam
385 794 441 827 libi
452 794 532 828 olim
544 793 702 828 inflistam
713 796 796 829 vitus
807 794 956 842 est,quod
967 797 1062 830 caedis

229 844 410 880 damnatus,
422 844 456 876 in
465 842 684 877 voluntarium
697 843 826 878 exilium
838 855 977 890 migrate
986 856 1061 877 coa-

229 887 428 930 &tussuerau
447 902 480 925 vt
497 890 686 938 supplicium
698 892 811 938 capitis
822 891 1061 940 effugerenRe-

229 951 330 987 gnum
341 951 420 986 ergo
430 941 576 974 Herodis
596 961 606 978 ‚
628 942 668 974 eo
687 941 776 987 quod
785 941 966 988 alienigena
987 941 1062 975 esset

228 1000 297 1022 non
309 986 405 1035 fregit
415 987 571 1034 sceptrum
582 989 685 1022 tribus
702 990 779 1023 Iuda
791 1001 799 1022 ε
811 988 863 1024 sed
873 991 945 1036 quia
955 988 1062 1022 aboli-

230 1045 299 1070 tum
309 1034 368 1070 fuit
380 1038 448 1071 eius
456 1038 630 1073 latrocinio
641 1037 797 1085 quicquid
807 1039 840 1072 in
853 1037 938 1071 tribu
949 1038 1002 1072 illa
1013 1037 1062 1071 di-

229 1085 362 1131 gnitatis
388 1085 550 1120 reliduum
574 1085 734 1121 manebat.
763 1086 865 1133 Qiod
877 1098 982 1120 autem
993 1086 1064 1121 col—

230 1131 314 1179 lapsa
325 1137 428 1170 multo
442 1136 514 1168 ante
523 1132 623 1168 fuerat
645 1137 734 1183 regia
744 1135 882 1181 dignitas
894 1157 903 1173 ‚
914 1139 945 1170 δι
957 1136 1064 1180 paula-

230 1182 291 1216 tim
302 1179 368 1217 fere
377 1183 562 1218 conciderat
571 1183 756 1218 dominatus
783 1206 793 1221 ‚
820 1195 887 1217 non
898 1194 1017 1231 pugnat
1030 1196 1065 1217 ea

230 1231 423 1277 interruptio
434 1244 506 1266 cum
516 1231 684 1278 prophetia
705 1231 814 1267 iacob.
840 1233 920 1266 Duo
931 1235 1019 1266 enim
1031 1234 1065 1267 in

229 1278 368 1325 speciem
378 1279 499 1317 diuersa
513 1279 701 1326 promiserat
713 1282 823 1314 Deus:
851 1293 1004 1316 aeternuin
1013 1277 1065 1314 so-

229 1339 265 1362 te
291 1327 408 1365 solium
426 1329 564 1364 Dauidis
589 1342 597 1364 :
624 1328 794 1376 postquam
821 1331 899 1363 vero
923 1330 1066 1364 dirutum

228 1374 386 1417 esset‚eius
402 1380 508 1413 ruinas
518 1376 548 1412 se
559 1377 803 1412 instauraturum
816 1391 824 1411 t
837 1390 986 1413 aeternam
996 1375 1065 1411 fore

228 1431 321 1473 tegni
332 1429 562 1474 potentiam,&
572 1437 680 1462 tamen
692 1425 849 1460 surculum
861 1427 1065 1473 proditurum

231 1486 270 1508 ex
278 1485 394 1512 trunco
403 1475 472 1510 isai:
485 1488 625 1522 quorum
641 1486 799 1523 vtrunque
817 1475 944 1521 impleri
965 1487 1066 1521 opor-

229 1523 303 1557 tuit.
341 1523 444 1559 Passus
480 1524 527 1559 est
555 1536 636 1571 ergo
677 1528 769 1558 Deus
801 1545 812 1563 ,
850 1525 1066 1571 principatum

228 1582 327 1618 quem
341 1584 482 1608 erexerat
493 1574 525 1607 in
544 1573 631 1607 tribu
640 1573 717 1608 Iuda
743 1594 756 1613 ‚
781 1573 818 1608 ad
830 1583 956 1620 tempus
966 1573 1068 1607 colla-

190 1646 191 1649 ,
230 1619 283 1654 bi:
301 1623 371 1670 quo
383 1623 486 1656 maior
505 1620 582 1657 esset
600 1621 712 1669 populi
734 1622 868 1657 attentio
880 1623 920 1656 ad
939 1620 1066 1668 speran-

229 1668 307 1704 dum
318 1669 443 1706 Christi
455 1682 607 1718 regnum.
624 1673 737 1718 Qum
752 1681 857 1705 autern
869 1670 1003 1717 synedrij
1017 1681 1067 1703 ina

229 1719 327 1753 teritu
345 1717 412 1766 spes
427 1719 573 1754 fidelium
592 1719 678 1766 quasi
696 1719 820 1765 ptaecisa
835 1717 922 1758 esset,
934 1729 1066 1766 repente

229 1763 345 1802 affulsit
358 1769 531 1804 Dominus.
542 1771 608 1802 Iani
621 1768 697 1803 vero
709 1770 770 1802 hoc
781 1772 819 1803 ad
837 1767 948 1802 seriem
963 1769 1066 1802 histo-

229 1816 284 1851 tiae
292 1821 444 1863 pertinet,
457 1818 534 1852 duni
548 1826 676 1851 notatur
696 1827 823 1862 tempus
832 1817 877 1852 rei
888 1818 999 1865 gestae:
1014 1815 1068 1852 sed

229 1871 298 1900 no'n
309 1866 429 1900 temere
438 1865 494 1899 snb
507 1867 607 1913 Regis
617 1864 752 1900 nomine
763 1865 854 1900 fimul
864 1863 974 1900 misera
983 1876 1068 1900 tem-

229 1913 320 1960 poris
330 1914 479 1949 conditio
490 1925 599 1949 notata
610 1913 670 1948 fuit
694 1937 705 1953 ,
732 1925 767 1950 vt
783 1911 995 1962 agnoscerent
1012 1917 1067 1948 Iu-

231 1962 289 1996 daei
307 1963 483 1996 vertendos
495 1962 559 1995 iam
577 1963 692 1996 oculos
709 1963 769 1997 eise
787 1963 821 1996 in
839 1961 990 1998 Meffiam
1012 1985 1022 2001 ‚
1045 1961 1069 1997 si

230 2011 363 2057 quidem
383 2007 488 2043 foedus
511 2009 581 2044 Dei
605 2009 692 2042 bona
716 2009 784 2053 fide
803 2011 960 2045 colerent.
996 2012 1068 2044 Za-

231 2057 359 2093 charias
369 2055 487 2091 device
495 2056 596 2090 Abia.
624 2056 754 2090 Notum
766 2054 810 2088 est
818 2068 856 2088 ex
863 2059 954 2091 Sacra
967 2057 1069 2091 histo-

232 2105 279 2139 ria
290 2128 302 2144 ,
320 2104 489 2151 descriptas
498 2103 586 2139 fuifle
598 2107 615 2140 ὲ
628 2103 754 2138 Dauide
763 2102 963 2149 sacerdotum
975 2103 1069 2137 fami-

232 2153 292 2187 lias
312 2154 408 2188 certis
432 2152 615 2188 ordinibus.
641 2155 716 2197 Qa
740 2152 773 2185 in
790 2162 825 2185 re
843 2151 926 2185 nihil
943 2150 1069 2200 aggres-

231 2198 280 2234 sus
288 2201 334 2236 est
347 2201 458 2236 Dauid
474 2212 589 2236 contra
600 2201 698 2248 Legis
709 2194 924 2246 praescriptum
933 2225 941 2234 .
958 2203 1070 2235 Sacer-

231 2250 360 2284 dotium
381 2251 472 2285 Deus
484 2250 610 2284 Aaroni
619 2253 652 2284 &
662 2249 730 2283 eius
740 2247 817 2283 filiis
828 2247 1069 2282 contuleratzre-

232 2298 342 2345 liquos
359 2299 489 2332 Leuitas
506 2296 716 2332 destinauerat
735 2296 918 2330 minoribus
937 2295 1068 2331 officiis.

231 2348 271 2380 In
290 2359 331 2381 eo
350 2346 433 2380 nihil
453 2356 612 2381 mutatum
625 2342 881 2380 fuitaDauide.=
901 2343 953 2378 sed
963 2343 1070 2379 consi-

231 2395 312 2429 lium
323 2395 391 2429 eius
402 2394 472 2433 fuit,
483 2394 599 2440 partim
610 2406 721 2428 cauere
729 2405 770 2427 ne
781 2393 857 2439 quid
869 2394 1069 2427 tumultuose

232 2442 325 2478 fieret
337 2445 369 2477 in
380 2443 472 2477 turba
482 2457 490 2477 :
501 2443 618 2490 partim
629 2443 727 2476 etiam
736 2453 904 2477 occurrere
915 2441 1070 2475 ambitio-

232 2492 279 2531 ni,
289 2496 321 2527 &
334 2491 423 2526 simul
435 2490 562 2527 efficere
573 2504 614 2525 ne
626 2491 734 2537 paucis
746 2501 853 2525 totum
864 2502 981 2524 munus
990 2491 1027 2524 ad
1039 2487 1070 2523 se

233 2539 435 2576 trahentibus
446 2564 455 2578 ,
466 2541 570 2574 maior
584 2551 655 2586 pars
665 2537 770 2573 otiosa
778 2539 870 2574 domi
880 2536 1012 2573 sederet.
1031 2541 1070 2572 In

232 2589 287 2625 illa
298 2599 403 2624 autem
422 2588 650 2624 distributione
667 2589 816 2624 oeiauam
830 2585 956 2622 claffem
965 2586 1070 2622 tenuit

233 2637 319 2672 Abia
334 2637 420 2672 filius
443 2638 584 2672 Eleazar.
633 2637 712 2671 Erat
736 2647 816 2685 ergo
841 2634 1009 2670 Zacharias
1032 2647 1070 2668 ex

234 2698 354 2733 genere
380 2685 567 2721 sacerdotali
588 2709 598 2725 ,
622 2689 654 2720 δι
674 2684 804 2732 quidem
816 2696 853 2718 ex
869 2683 1004 2729 posteris
1021 2684 1068 2717 E-

234 2736 336 2769 leazar
359 2759 370 2772 .
388 2735 444 2783 qui
462 2734 542 2780 patri
560 2736 594 2770 in
606 2732 766 2768 summum
776 2732 989 2766 sacerdotium
1000 2730 1069 2765 suc-

234 2780 376 2818 cess'erat.
416 2783 602 2826 Qomodo
610 2792 716 2816 autem
725 2779 899 2819 Elisabeth,
910 2792 1010 2828 quum
1022 2778 1069 2813 es-

235 2831 281 2866 set
291 2831 308 2866 ἐ
319 2830 448 2867 filiabus
458 2835 568 2867 Aaron
588 2854 598 2870 ,
617 2830 726 2865 Mariae
735 2841 874 2877 cognata
884 2829 944 2864 effe
954 2839 1030 2875 potu
1036 2840 1070 2861 e-

235 2880 279 2914 rit
296 2903 306 2918 ,
325 2879 381 2914 suo
402 2880 480 2914 loco
496 2879 675 2925 expediam.
710 2878 861 2913 Honoris
878 2877 964 2912 certe
982 2874 1070 2911 causa

236 2941 338 2976 genus
349 2927 512 2963 Elisabeth
522 2930 623 2962 Lucas
643 2938 890 2961 commemorat.
909 2924 1026 2960 licebat
1036 2937 1069 2958 e-

237 2977 306 3012 nim
317 2976 486 3012 Zacharias
496 2975 669 3011 secundum
681 2974 957 3023 Legem,gregarij
971 2972 1071 3008 cuius-

236 3026 323 3072 piam
335 3027 455 3060 Leuitae
466 3025 566 3060 filiam
577 3023 633 3058 sibi
647 3035 779 3057 vxorem
793 3021 926 3057 sumere.
948 3024 995 3057 Ex
1004 3022 1071 3068 pari

237 3075 336 3122 igitur
348 3075 505 3121 coniugio
517 3071 830 3120 appa1·et‚horninem
842 3072 875 3105 in
888 3072 944 3106 suo
956 3070 1072 3105 ordine

237 3136 307 3158 non
323 3120 410 3157 fuisse
422 3132 658 3167 contemptum.

275 3175 297 3205 6
334 3174 436 3205 Erant
463 3172 537 3204 iusti
557 3169 644 3203 ambo
671 3179 773 3201 coram
790 3169 869 3202 Deo.
882 3171 904 3211 )
941 3166 1072 3201 Praecla-

239 3232 310 3254 rum
323 3219 387 3254 illis
399 3219 622 3255 testimonium
633 3216 739 3251 reddit
755 3238 765 3254 ,
792 3229 859 3250 non
870 3216 973 3251 modo
985 3215 1072 3261 quod

238 3266 345 3303 sanfle
362 3272 394 3304 &
415 3267 541 3314 integre
565 3265 677 3302 versati
706 3262 777 3298 sunt
805 3267 888 3299 intei-
909 3264 1073 3298 homines,

239 3313 293 3350 sed
311 3329 419 3352 coram
437 3318 514 3351 Deo
535 3317 632 3349 etiam
659 3312 744 3347 iusti.
792 3314 896 3348 Porrb
921 3311 1072 3348 iustitiam

242 3361 324 3397 istnc
348 3363 488 3399 breuiter
508 3363 623 3398 definit
641 3365 763 3400 Lucas,
781 3361 869 3409 quod
888 3360 1074 3396 ambulaue-

243 3409 307 3445 rint
325 3411 358 3445 in
373 3412 514 3448 Domini
531 3410 706 3458 praeceotis.
743 3411 914 3457 Vtrimque
934 3409 1074 3454 diligen—

247 3468 294 3491 ter
303 3461 489 3496 notandum.
525 3473 599 3494 nam
610 3458 664 3494 etsi
675 3459 708 3492 in
720 3456 804 3493 hunc
823 3457 922 3492 finem
943 3457 1074 3490 laudan-

246 3516 297 3541 tur
314 3508 480 3543 Zacharias
497 3512 531 3544 ἃ
551 3506 715 3546 Elisabeth
731 3530 742 3547 ,
763 3517 798 3542 vt
818 3505 952 3543 sciamus
968 3505 1073 3538 lucer-

1944 183 1958 203 ν

1116 231 1191 253 nam
1207 241 1217 257 ‚
1244 231 1313 266 quae
1333 217 1475 266 praeluxit
1500 217 1583 253 Filio
1604 218 1684 259 Dei,
1704 230 1770 254 non
1791 232 1827 253 ex
1844 219 1958 257 obst-iia

1115 279 1147 300 ra
1159 267 1261 302 domo
1285 290 1296 307 ‚
1317 268 1368 302 scd
1390 267 1503 302 illustri
1537 271 1677 315 quodam
1705 268 1839 305 sacrario
1867 272 1950 304 sum-

1114 326 1201 362 ptam
1221 314 1280 350 csse
1304 330 1315 349 .·
1341 316 1396 350 sub
1420 328 1534 350 eorum
1555 320 1835 364 raineri-exemplo
1855 320 1953 353 nobis

1114 364 1245 398 interim
1275 365 1469 400 monstratur
1499 364 1550 410 pie
1575 364 1718 411 iusteque
1740 369 1872 402 viuendi
1899 379 1952 402 re-

1113 412 1198 459 gula.
1236 414 1314 447 Hoc
1338 425 1417 461 crgo
1436 415 1470 447 in
1489 413 1555 447 vita
1575 415 1660 447 reete
1679 415 1872 450 instituenda
1884 416 1953 462 pri-

1113 473 1202 495 muni
1225 461 1271 495 est
1308 484 1319 500 ,
1358 473 1390 495 vt
1409 461 1590 496 studeamus
1616 474 1676 495 nos
1695 464 1834 508 probare
1864 469 1954 499 Deo-

1113 509 1238 543 Scimus
1258 521 1363 544 autem
1401 522 1458 544 cor
1485 508 1650 554 syncerum
1674 516 1704 545 ὅ(
1733 524 1844 556 puram
1874 525 1958 547 con-

1112 553 1277 592 scientiam
1299 558 1338 592 ab
1357 570 1397 592 co
1415 559 1555 593 maxime
1581 557 1714 605 requiri.
1753 564 1864 608 ltaque
1882 572 1956 608 per-

1117 604 1224 639 uersus
1243 606 1305 640 erit
1324 607 1410 640 ordo
1430 627 1440 644 ,
1464 605 1568 652 siquis
1579 607 1759 651 posthabita
1780 610 1888 643 coi-dis
1906 610 1958 643 in-

1113 654 1287 701 tegritate,
1308 665 1471 689 externam
1492 656 1595 690 niodo
1613 666 1711 689 vitani
1721 657 1754 689 in
1766 657 1958 705 obsequium

1111 703 1212 750 Legis
1231 714 1420 750 componat.
1459 704 1657 737 Tenendum
1682 705 1769 739 enim
1798 707 1957 739 memoria

1113 749 1283 788 est,Deum
1305 752 1345 786 ad
1363 764 1460 799 quem
1471 750 1629 797 respicere
1648 753 1808 792 iubemur,
1823 767 1890 788 non
1903 767 1957 787 ex-

1113 809 1240 833 ternam
1252 811 1388 844 operum
1400 802 1541 838 laruam,
1550 798 1602 834 sed
1615 813 1670 834 cor
1683 803 1840 848 praecipue
1851 804 1957 837 intue-

1116 845 1156 878 ti.
1197 848 1347 881 secundo
1371 849 1490 881 deinde
1509 850 1585 882 loco
1603 851 1732 884 accedat
1755 850 1956 889 cbedienfia,

1112 892 1177 928 hoc
1195 893 1251 932 est,
1264 907 1304 929 ne
1321 893 1378 928 sibi
1396 894 1528 942 quisque
1539 908 1657 930 nouam
1669 898 1794 934 iustitiae
1804 898 1955 938 formam,

1112 954 1180 989 quae
1191 942 1365 978 adlibuerit
1384 966 1395 982 ‚
1416 944 1480 988 fine
1504 945 1571 977 Dei
1588 946 1689 978 verbo
1710 945 1845 982 fabricet
1865 971 1875 987 ‚
1901 948 1954 983 sed

1113 1003 1175 1025 nos
1186 992 1254 1025 Dei
1264 993 1403 1037 imperio
1417 992 1553 1026 sinamus
1566 993 1649 1038 regi.
1660 996 1779 1042 Neque
1788 998 1875 1030 enim
1887 999 1954 1032 haec

1113 1038 1266 1074 definitio
1284 1041 1478 1088 negligenda
1488 1039 1554 1078 est,
1580 1048 1698 1076 iuziaeos
1716 1043 1776 1078 ess'e
1797 1068 1806 1081 ,
1827 1046 1883 1092 qui
1903 1045 1954 1081 vi-

1113 1098 1180 1121 tam
1200 1088 1286 1122 suam
1312 1086 1454 1123 formant
1473 1089 1511 1122 ad
1527 1090 1624 1135 Legis
1635 1102 1799 1137 praecepta.
1817 1105 1883 1139 quo
1902 1094 1955 1126 in-

1115 1138 1246 1175 nuitur,
1268 1137 1349 1171 nihil
1365 1138 1448 1184 apud
1466 1140 1577 1172 Deum
1596 1139 1657 1172 eise
1683 1139 1819 1174 fietiiios
1839 1154 1956 1176 omi-ies

1115 1185 1406 1234 cultuS,&vagum
1426 1187 1486 1220 esse
1499 1199 1532 1220 ac
1550 1199 1721 1221 erroneum
1743 1191 1889 1224 hunanae
1905 1193 1955 1224 vi-

1115 1244 1153 1267 tae
1180 1233 1303 1268 cursum
1336 1234 1428 1272 simul
1455 1247 1490 1269 ac
1515 1235 1685 1269 disceditur
1705 1236 1744 1270 ab
1764 1240 1832 1271 eius
1849 1241 1952 1286 Lege.

1116 1285 1204 1316 Inter
1228 1294 1385 1329 praecepta
1406 1286 1439 1318 ὅ(
1460 1282 1702 1318 iustificationes
1724 1286 1789 1320 hoc
1810 1287 1953 1326 ini-erest,

1117 1330 1206 1377 quod
1217 1330 1374 1377 posterius
1383 1344 1504 1366 nomen
1514 1334 1644 1378 proprie
1653 1336 1690 1366 ad
1709 1345 1836 1380 pietatis
1847 1340 1878 1369 δι’
1891 1337 1956 1370 Di-

1118 1379 1185 1412 uini
1198 1381 1302 1413 cultus
1321 1380 1631 1415 exercitiarefertur:
1652 1383 1739 1426 prius
1759 1394 1864 1419 auten,
1887 1398 1955 1418 ina-

1117 1428 1166 1476 gis
1176 1428 1327 1474 generale
1338 1428 1384 1463 est
1398 1450 1409 1466 ‚
1437 1427 1568 1477 iainque
1579 1431 1615 1463 ad
1629 1431 1694 1464 Dei
1707 1432 1841 1470 cultum,
1855 1434 1952 1479 quarn

1117 1477 1156 1511 ad
1168 1476 1334 1511 charitatis
1353 1476 1460 1512 officia
1479 1477 1629 1523 pertinet.
1651 1481 1735 1514 Nam
1757 1484 1865 1520 u'pm,
1883 1494 1952 1528 quae

1116 1524 1230 1559 statuta
1248 1536 1300 1558 aut
1315 1526 1442 1560 decreta
1461 1525 1640 1574 fignificant
1660 1528 1806 1562 Hebraeis
1822 1550 1832 1566 ,
1857 1531 1953 1565 Grae-

1119 1585 1173 1608 cus
1199 1573 1359 1620 interpres
1377 1573 1620 1609 iustificationes
1638 1577 1740 1610 vertit.
1781 1579 1874 1624 D‘pifl
1899 1591 1954 1612 au.

1119 1633 1186 1657 tem
1206 1623 1240 1656 in
1258 1623 1418 1670 Scriptura
1443 1622 1524 1657 sacra
1544 1625 1746 1658 ceremonias
1765 1624 1831 1659 sere
1853 1626 1954 1674 signi-

1117 1670 1215 1706 ficant
1240 1671 1359 1718 quibus
1382 1670 1412 1706 se
1438 1672 1471 1706 in
1490 1672 1556 1706 Dei
1580 1673 1665 1706 cultu
1685 1677 1715 1708 ὅ(
1735 1672 1812 1707 fidei
1827 1675 1954 1710 conses-

1118 1717 1206 1753 sione
1225 1720 1392 1755 exercebat
1415 1722 1563 1768 populus.
1592 1722 1752 1767 Qamuis
1769 1734 1873 1758 autem
1893 1724 1953 1771 by-

1117 1768 1249 1815 pocritae
1269 1771 1301 1802 in
1323 1779 1411 1816 parte
1428 1768 1484 1803 ista
1502 1770 1594 1805 valde
1613 1770 1728 1804 curiosi
1748 1770 1808 1804 sint
1831 1776 1862 1806 &
1895 1786 1954 1806 an-

1117 1817 1159 1862 xij
1181 1839 1192 1855 ,
1217 1818 1300 1852 nihil
1328 1829 1438 1853 tamen
1467 1830 1540 1852 cum
1563 1817 1713 1852 Zacharia
1739 1823 1769 1853 δι
1789 1820 1953 1854 Elisabeth

1118 1865 1222 1901 simile
1239 1865 1372 1901 habent.
1390 1867 1497 1901 ,Nam
1517 1865 1627 1900 sinceri
1641 1867 1706 1900 Dei
1717 1868 1955 1915 cultores‚qua-

1118 1915 1164 1949 les
1178 1926 1267 1949 erant
1287 1914 1323 1949 hi
1348 1915 1414 1950 duo
1434 1936 1445 1953 ,
1464 1926 1533 1948 non
1558 1916 1714 1962 arripiunt
1737 1916 1836 1950 nudas
1862 1930 1952 1951 cere-

1119 1962 1248 1997 monias
1265 1964 1425 1998 &inanes
1450 1977 1460 1995 :
1482 1961 1533 1997 sed
1559 1963 1593 1996 in
1622 1964 1789 1999 veritatem
1822 1965 1952 2003 intenti,

1119 2009 1324 2057 spiritualiter
1345 2023 1396 2046 eas
1414 2009 1598 2045 obseruant.
1637 2012 1760 2056 impuri
1789 2024 1895 2047 autem
1919 2017 1954 2046 &

1118 2059 1215 2092 sucati
1225 2058 1399 2096 homines,
1418 2057 1541 2091 etiamsi
1556 2057 1674 2092 affidue
1689 2059 1723 2091 in
1739 2061 1877 2094 externis
1898 2073 1953 2094 ce-

1120 2106 1280 2138 remoniis
1297 2103 1328 2139 se
1347 2103 1483 2151 fatigent
1507 2117 1516 2136 t
1541 2105 1614 2150 quia
1633 2115 1741 2138 tamen
1755 2119 1805 2140 eas
1817 2108 1953 2142 minim&

1119 2150 1291 2186 obseruant
1311 2153 1448 2199 qualiter
1474 2163 1634 2199 praeceptae
1660 2152 1731 2186 sunt
1751 2156 1767 2188 a
1789 2157 1954 2195 Domino,

1120 2200 1201 2234 nihil
1217 2199 1312 2245 quam
1327 2201 1441 2233 ludunt
1451 2210 1596 2244 operam.
1633 2204 1672 2234 In
1690 2199 1813 2237 summa
1830 2226 1840 2242 ‚
1869 2205 1956 2239 duo..

1119 2247 1258 2282 busistis
1268 2247 1376 2281 verbis
1389 2247 1634 2292 complexusest
1652 2251 1756 2284 Lucas
1773 2262 1876 2286 totam
1897 2255 1959 2287 Le-

1119 2309 1206 2344 gem.
1250 2295 1377 2332 Veriim
1390 2295 1456 2330 fiin
1476 2297 1565 2342 Lege
1585 2295 1735 2331 seruanda
1753 2299 1959 2345 irreprehen-

1119 2345 1226 2379 sibiles
1245 2343 1372 2379 fuerunt
1390 2344 1557 2378 Zacharias
1575 2349 1606 2379 δι
1621 2345 1784 2381 Elisabeth
1803 2371 1812 2383 ,
1835 2349 1957 2383 Christi

1119 2395 1221 2442 gratia
1240 2393 1322 2427 nihil
1343 2392 1505 2427 habebant
1523 2405 1616 2438 opus.
1654 2394 1746 2439 plena
1763 2398 1959 2444 eniniLegis

1119 2440 1305 2476 obseruatio
1316 2443 1413 2476 vitaz-i.
1435 2439 1562 2474 confert
1582 2464 1592 2479 ‚
1614 2445 1646 2476 δέ
1664 2442 1719 2478 vbi
1732 2446 1817 2477 nulla
1828 2445 1872 2478 est
1890 2448 1959 2480 eius

1119 2486 1429 2537 transgreffio‚ceffat
1441 2489 1538 2522 etiam
1550 2490 1877 2537 i·eatiis.Respondeo‚
1890 2496 1960 2527 elo-

1120 2539 1175 2587 gia
1185 2539 1242 2573 ista
1262 2537 1379 2585 quibus
1390 2541 1421 2571 ti
1433 2537 1604 2584 magnifice
1615 2539 1770 2573 ornantur
1782 2540 1860 2574 serui
1877 2543 1958 2580 Dei,

1120 2600 1192 2622 cum
1213 2587 1401 2632 exceptione
1420 2585 1572 2619 sumenda
1592 2584 1664 2620 effe.
1692 2586 1849 2632 ‘reputare
1868 2591 1959 2624 enini

1120 2634 1274 2670 conuenit
1284 2634 1454 2680 quomodo
1466 2645 1538 2681 agat
1549 2647 1621 2668 cum
1640 2635 1706 2668 illis
1722 2638 1825 2671 Deus.
1867 2649 1962 2672 nem-

1118 2696 1159 2730 pe
1185 2681 1357 2717 secundum
1380 2679 1487 2717 foedus
1518 2683 1607 2728 quod
1633 2696 1706 2718 cum
1735 2685 1799 2717 illis
1826 2685 1960 2733 pepigit:

1119 2731 1209 2766 cuius
1228 2732 1368 2776 primum
1388 2740 1481 2776 caput
1500 2730 1545 2764 est
1562 2733 1698 2777 gratuita
1719 2733 1958 2770 reconciliatio.

1119 2784 1151 2815 &
1173 2778 1361 2824 quotidiana
1370 2779 1484 2815 venia,
1498 2790 1559 2823 qua
1578 2779 1641 2811 illis
1656 2790 1785 2823 peccata
1806 2781 1960 2828 ignoscit.

1119 2826 1198 2863 lusti
1215 2839 1294 2874 ergo
1306 2831 1339 2861 &
1359 2824 1653 2870 irreprehensibiles
1676 2825 1862 2868 censentur,
1875 2842 1962 2877 quo-

1120 2878 1206 2910 niam
1218 2886 1285 2910 tota
1295 2873 1360 2909 vita
1380 2873 1509 2908 testatur
1519 2873 1712 2908 eosiustitiae
1723 2875 1872 2911 addststos
1881 2877 1959 2916 effe,

1119 2935 1253 2971 regnare
1269 2924 1302 2957 in
1317 2922 1382 2956 illis
1400 2921 1466 2956 Dei
1485 2921 1640 2956 timorem
1659 2943 1669 2960 ‚
1693 2923 1770 2958 dum
1793 2927 1961 2971 quoddam

1121 2973 1165 3008 est
1175 2971 1348 3007 sanstitatis
1358 2970 1527 3016 exemplar.
1536 2972 1597 3006 Sed
1608 2983 1706 3016 quum
1717 2972 1734 3006 ὲ
1754 2972 1961 3018 perfetfftione

1120 3021 1221 3068 longe
1236 3019 1426 3064 distetpium
1448 3030 1562 3052 eorum
1584 3017 1745 3058 studium,
1768 3034 1834 3055 non
1855 3024 1960 3069 potest

1122 3070 1186 3104 fine
1197 3068 1287 3101 venia
1305 3068 1428 3113 placere
1440 3068 1527 3101 Deo.
1540 3068 1650 3113 Qare
1661 3067 1779 3103 iustitia
1798 3082 1864 3117 quae
1877 3072 1908 3104 in
1920 3072 1961 3105 il-

1121 3119 1160 3152 lis
1177 3115 1368 3153 laudaturus}
1384 3115 1520 3162 gratuita
1530 3116 1601 3149 Dei,
1617 3116 1817 3164 indulgentia
1830 3119 1957 3164 pendet:

1121 3178 1183 3212 qua
1204 3163 1241 3197 fit
1263 3174 1297 3198 vt
1321 3164 1411 3211 quod
1438 3163 1599 3210 reliquum
1629 3163 1673 3199 est
1694 3164 1768 3208 ipsis
1787 3166 1958 3206 iniustitia

1122 3225 1187 3247 non
1199 3211 1346 3258 imputet.
1356 3211 1407 3246 Sic
1425 3218 1588 3257 exponere
1606 3212 1729 3247 neceffe
1749 3214 1792 3247 est
1803 3215 1960 3262 quicquid

1121 3261 1160 3294 de
1177 3259 1352 3295 hominum
1371 3259 1490 3293 iustitia
1506 3260 1541 3295 in
1555 3262 1724 3305 Scriptiiris
1745 3260 1877 3297 habetur
1896 3287 1906 3304 ‚
1925 3276 1960 3299 vt

1121 3307 1341 3344 remiffionern
1360 3319 1567 3354 peccatorum
1580 3321 1647 3341 non
1660 3319 1781 3342 euertat
1798 3322 1806 3342 ε
1828 3312 1876 3345 cui
1890 3325 1959 3346 non

1121 3357 1212 3401 aliter
1232 3357 1381 3391 innititur
1401 3378 1411 3394 ‚
1432 3356 1528 3402 quain
1550 3355 1606 3391 suo
1626 3354 1837 3392 fundamento
1855 3360 1961 3395 aedifi-

1109 3403 1222 3441 cium.
1260 3406 1328 3448 Qui
1359 3403 1546 3449 simpliciter
1584 3415 1747 3449 exponunt
1773 3407 1960 3443 Zachariam

1122 3453 1333 3490 &Elizabeth
1357 3453 1420 3487 fide
1441 3450 1637 3487 iustosfuiffe
1657 3477 1666 3489 ‚
1686 3453 1759 3500 quia
1773 3457 1870 3500 graiis
1882 3459 1961 3491 Deo

1122 3513 1255 3550 propter
1280 3502 1500 3538 Mediatorem
1530 3501 1708 3546 placuerint
1728 3515 1736 3535 :
1756 3501 1788 3555 in
1816 3505 1957 3539 alienum

1717 3563 1734 3585 a
1764 3562 1784 3591 ι]
