2310 3841
394 189 467 228 ψ,
927 166 1002 209 IN
1067 165 1308 221 AC-TA
1353 162 1608 207 APOST.

442 250 460 280 S
471 258 489 280 ν
499 257 518 278 c
533 255 551 276 c
563 254 582 278 v
596 254 614 274 n
626 255 644 275 rt
653 250 671 274 ι
683 240 871 281 nobis.)Haec
879 239 994 273 locutio
1005 239 1196 273 commendat
1213 239 1405 272 ministerium
1415 238 1496 282 quod
1504 238 1599 271 Paulo
1609 236 1774 270 iniunctum
1787 247 1857 271 erat.
1868 244 1936 270 nam
1950 247 2042 279 quum
2056 238 2152 271 Euan·
2174 228 2183 236 ⁴

403 294 512 338 gelium
524 289 555 321 sit
565 288 700 331 porentia
715 288 772 320 Dei
784 287 813 317 in
822 286 955 322 salutem,
964 286 1103 318 dicuntur
1112 285 1174 317 eius
1185 286 1306 316 ministri
1315 285 1454 316 auxilium
1466 283 1663 325 pereuntibus
1673 281 1747 314 ferre
1759 295 1766 314 ε
1779 284 1833 315 vta
1849 295 1948 315 morte
1971 294 2091 325 ereptos
2101 284 2150 319 ‚in

405 347 470 371 vrrae
478 343 588 366 :ternae
597 332 797 364 haereditatem
809 331 1066 373 adducant.Atque
1077 331 1126 362 hic
1135 340 1194 360 non
1205 329 1419 361 leuisstrmulus
1427 327 1482 360 effe
1493 327 1584 359 debet
1595 327 1651 368 piis
1660 326 1838 360 doctoribus
1847 330 1883 359 ad
1897 328 2081 361 incitandum
2095 330 2150 360 siu·

407 383 448 423 di)
459 379 605 412 ardorem:
617 377 686 408 dum
698 377 723 408 se
735 374 850 407 miseras
859 375 969 406 animas
979 385 1121 407 reuocare
1132 374 1255 406 audiunt
1267 373 1304 404 ab
1315 375 1437 404 interitu
1449 391 1458 406 2
1475 376 1506 405 &
1518 382 1607 413 opem
1617 369 1693 402 ferre
1710 372 1781 403 alias
1794 373 1919 414 penditis
1929 391 1938 406 ,
1950 381 1981 407 vt
1991 374 2057 404 salui
2068 373 2150 405 fiant.

407 423 529 459 Rursum
539 423 684 454 docentur
696 421 801 462 populi
811 429 916 451 omnes
925 419 959 451 ad
970 420 1244 461 quosEuangelium
1258 416 1416 459 perfertur,
1425 418 1490 449 eius
1500 416 1646 448 ministros
1658 426 1716 447 non
1736 415 1816 448 secus
1828 428 1860 448 ac
1877 416 2054 448 liberatores
2065 428 2151 449 reue-

410 479 508 503 renter
517 464 778 508 ampl-:EtitnisiDci
787 464 908 507 gratiam
919 463 1046 505 maligue
1056 461 1187 504 respuere
1198 462 1399 503 verrucaeque
1407 472 1505 493 tamen
1516 460 1552 492 fic
1561 462 1595 492 ad
1607 460 1745 491 homines
1755 460 1926 493 transfertur
1937 462 1995 493 hoc
2005 461 2150 503 elogium,

412 524 444 547 vt
454 512 499 545 vel
511 513 632 543 minima
642 508 734 540 laudis
745 508 795 540 suae
805 518 886 550 part-e
895 507 1032 550 spolietur
1044 511 1136 539 Deus:
1147 507 1215 549 quia
1226 506 1276 537 etsi
1287 517 1336 548 per
1347 506 1495 538 ministros
1511 505 1632 538 salutem
1645 504 1850 539 confernvnus
1860 516 1958 537 tamen
1973 505 2150 539 erusaurhor

416 558 468 592 est,
479 568 511 588 ac
522 555 540 586 si
551 564 651 586 manus
662 554 721 585 suas
731 553 901 585 extenderet
913 554 948 584 ad
955 552 1092 584 auxilium
1104 551 1268 582 ferendum.

463 613 496 633 ιο
530 602 557 631 C
567 610 584 630 ε
601 609 618 628 it
630 610 647 629 τ
660 609 686 629 o·
701 597 900 636 confirmati.)
927 600 1003 628 Hinc
1013 597 1182 638 colligimus
1194 606 1253 626 non
1266 593 1347 636 fuisse
1357 594 1465 626 nudam
1476 593 1620 628 visionem
1636 613 1645 628 ›
1655 593 1702 625 sed
1713 593 1915 626 confirmatam
1935 594 2061 636 Spiritus
2071 591 2152 624 testi-

419 647 524 679 monio
532 642 668 684 §pech-is
678 641 757 674 enim
768 645 798 674 δι
806 641 968 674 visionibus
977 640 1047 683 saepe
1055 641 1091 673 ad
1099 640 1160 672 suas
1167 640 1321 681 praestigia's
1331 639 1462 672 abutitur
1471 641 1556 671 Satan
1573 662 1581 675 ‚
1590 650 1621 670 vt
1632 639 1790 670 incredulis
1799 639 1911 673 illudat.
1937 642 1980 669 lta
1991 638 2022 669 fit
2033 648 2062 669 vt
2073 638 2150 670 nuda

422 689 495 724 visio
505 686 664 729 suspensam
675 686 819 729 relinquat
830 687 962 717 hominis
973 684 1162 717 mentem.sed
1171 694 1228 726 que
1238 683 1304 716 vere
1313 679 1418 716 diriinae
1428 683 1551 719 sunt,eas
1560 685 1684 724 Spiritus
1694 693 1772 715 certa
1783 694 1854 715 unta
1864 682 2050 725 obsignartne
2063 681 2152 714 vacil-

419 736 494 770 lent,
505 734 550 764 vel
561 730 701 767 haesitent,
711 742 786 774 quos
794 731 944 762 Dominus
953 730 1016 761 vult
1025 730 1134 761 habere
1144 728 1226 760 certb
1235 728 1287 759 sibi
1299 728 1441 760 addissos.
1462 731 1552 761 Bruto
1562 728 1694 770 apparuit
1703 730 1889 760 cacodaernon
1901 749 1910 763 ‚
1923 738 1989 758 eum
2001 728 2036 759 ad
2050 725 2152 758 infelix

419 778 493 811 illud
503 776 630 819 praelium
639 776 778 811 inuitans,
789 774 870 817 quod
880 774 1026 816 Philippis
1035 773 1171 816 transegit
1182 773 1287 804 eodem
1297 773 1406 812 scilicet
1416 775 1444 804 iu
1461 772 1530 804 loco
1541 794 1550 809 ‚
1559 773 1595 804 ad
1606 783 1694 814 quem
1714 773 1811 814 postea
1831 782 1953 803 vocatus
1963 771 2015 804 suit
2031 771 2151 804 Paulus.

422 822 527 856 verum
539 820 666 863 vtlonge
677 820 818 856 diflimjlis
829 819 883 850 fnit
900 818 990 850 causa:
1000 820 1038 850 ita
1047 819 1160 861 prorsus
1169 819 1252 849 aliter
1263 814 1412 849 Dominus
1421 829 1488 850 cum
1509 816 1652 848 seruosne
1662 817 1740 858 egit,
1752 827 1783 849 νε
1794 816 1835 847 illi
1846 815 2008 858 scrupulum
2027 827 2150 848 omnem

420 869 573 900 eximeret:
584 875 643 896 non
655 875 751 896 autem
763 865 942 906 relinqueret
954 874 1064 905 pauore
1073 863 1244 895 attonitum.
1276 864 1336 892 lam
1346 863 1478 893 in'Paulo
1489 864 1519 893 Sc
1530 861 1692 892 comitibus
1712 861 1921 893 certitudinem
1942 869 2010 890 mox
2020 860 2152 891 securum

418 913 460 944 est
469 910 588 954 parendi
599 909 734 940 studium.
747 919 813 940 nam
825 908 905 939 simul
917 919 949 939 ac
959 917 1065 940 tenent
1073 908 1158 941 acciri
1168 906 1194 937 se
1205 906 1220 938 a
1230 907 1375 941 Domino,
1385 908 1420 938 ad
1431 905 1648 948 profetstronem
1663 905 1691 936 se
1700 907 1867 949 accingunt.
1901 903 2151 946 Participii‚quod

415 956 465 989 hic
475 957 605 997 ponitur,
615 953 708 985 acum
719 954 758 984 est
769 954 1048 994 terrninatioxquum
1060 962 1158 985 autern
1176 952 1266 995 multa
1278 946 1419 993 significet
1430 973 1439 987 ,
1458 962 1518 982 non
1535 951 1644 982 dubito
1659 951 1730 993 quin
1748 953 1840 982 Lucas
1850 953 1907 981 hoc
1925 948 1995 981 loco
2005 949 2152 990 intelligat

414 1001 537 1034 Paulum
550 1002 580 1032 &
593 998 720 1072 reliqtsros
732 1017 742 1031 ‚
753 1008 844 1039 quum
855 997 930 1029 hanc
948 994 1092 1029 visionem
1102 997 1297 1038 adiungerent
1306 993 1504 1038 superioribus
1514 995 1651 1030 oraculis,
1661 994 1745 1027 certo
1754 991 1901 1037 persuasos
1911 993 1969 1026 effe
1979 1015 1990 1031 ‚
2007 994 2152 1026 diuinitus

414 1046 445 1078 in
454 1044 661 1078 Macedoniam
682 1053 698 1074 e
709 1043 817 1074 vocari.
1131 1040 1135 1043 “
1693 1040 1699 1045 ·

257 275 385 304 Koa-bas.

459 1158 492 1185 ῃ
535 1150 655 1197 Qum
674 1138 956 1196 ergosoluissemsos
966 1139 986 1179 a*
999 1139 1135 1179 Troade
1144 1169 1155 1187 ,
1175 1142 1266 1180 reei‘o
1275 1137 1364 1192 cursio
1374 1141 1535 1178 venimm
1545 1142 1583 1178 in
1593 1137 1854 1180 Samothraciam
1862 1169 1874 1185 ,
1883 1139 1924 1187 ῤ’
1935 1141 2075 1196 poflero
2092 1136 2151 1176 die

417 1209 457 1241 N
459 1214 519 1241 eal>
526 1202 620 1238 olim:
1467 1209 1471 1214 “

462 1247 505 1296 η’
536 1253 672 1294 Erinde
683 1251 852 1308 Philippos
865 1283 876 1301 ,
887 1268 958 1309 qua
973 1256 1086 1307 prima
1099 1252 1146 1306 est
1157 1253 1268 1308 parta}
1285 1251 1515 1292 macedonia·
1523 1253 1662 1297 ciuitas,
1672 1251 1813 1290 calama.
1836 1258 1977 1291 Eramus
1987 1262 2100 1289 autem
2111 1251 2151 1287 in

415 1313 536 1353 eadem
549 1327 584 1351 w
594 1309 633 1349 be
644 1308 757 1349 diebus
770 1309 900 1362 aliquot
910 1320 1163 1349 commorantes.-

456 1383 490 1420 13
535 1376 580 1408 Et
589 1368 644 1406 dle
657 1363 900 1405 sabbaehomm
910 1365 1136 1421 egsesstsitmus
1146 1379 1192 1403 ex
1200 1363 1285 1404 vrbe
1295 1368 1391 1403 iuxla
1400 1362 1541 1422 flumen,
1551 1361 1614 1401 vbi
1612 1361 1743 1415 solebat
1753 1361 1811 1418 effi
1817 1360 2151 1419 precatio-&seden-

415 1437 468 1465 tes
478 1422 696 1479 loquebamur
704 1421 901 1461 mulieribus
910 1437 977 1478 quss
987 1432 1223 1461 conuenerant.
1495 1444 1503 1447 -
1931 1461 1933 1463 ,

487 1496 532 1530 14
605 1479 777 1533 Qaeolam
798 1490 911 1518 autem
927 1480 1051 1518 mulier
1069 1481 1242 1524 nomiae)
1261 1477 1369 1529 Lydia
1381 1506 1392 1522 ,
1407 1487 1631 1530 purpurarum
1647 1473 1832 1514 venditrix
1849 1504 1860 1519 ,
1877 1470 2150 1526 ciutkcato's‘Thya-

364 1586 368 1590 .
412 1540 555 1577 tirorum
568 1567 578 1583 ‚
601 1540 712 1575 colens
729 1542 840 1573 Deum
851 1565 862 1582 ,
882 1535 1038 1574 audiuit:
1051 1536 1141 1572 cuim
1154 1536 1319 1572 Dominus
1330 1535 1464 1586 aperuit
1473 1547 1528 1569 cor
1535 1560 1547 1579 ,
1554 1541 1597 1568 vt
1606 1532 1801 1569 intenderet
1809 1530 1861 1572 his
1870 1546 1940 1586 quic
1950 1529 2152 1570 dicebamur

413 1594 434 1632 ἃ
445 1594 560 1633 Paulo.

467 1663 497 1700 15
553 1645 640 1686 Ct>m
651 1657 764 1685 autem
773 1636 926 1702 baptizat
940 1659 960 1684 a
969 1642 1045 1700 effct
1053 1643 1092 1690 ἀ
1105 1644 1222 1682 domm
1235 1645 1316 1689 eim,
1329 1640 1507 1695 deprecata
1518 1641 1565 1693 est
1571 1640 1689 1680 dicens
1701 1667 1712 1684 ,
1725 1644 1762 1680 Si
1771 1640 1934 1694 iudicegsth
1943 1656 1997 1681 me
2003 1641 2148 1695 fidelem

414 1707 564 1745 Domino
579 1701 652 1757 ff,
663 1705 805 1741 introite
815 1705 853 1741 in
863 1703 998 1743 domum
1008 1715 1117 1740 meam
1127 1700 1166 1746 ῤ’
1175 1709 1322 1738 manete·
1340 1705 1366 1734 Ε
1369 1708 1384 1734 t
1394 1695 1456 1736 ade
1454 1701 1510 1751 git
1523 1711 1594 1735 nor.

462 1827 485 1846 rr
521 1818 586 1847 Haec
596 1813 713 1844 historia
722 1810 800 1854 quasi
810 1811 838 1842 in
848 1809 965 1853 speculo
976 1809 1156 1842 demonstrat
1165 1827 1175 1843 ‚
1189 1808 1274 1851 quam
1284 1804 1489 1846 acriter-fidem
1502 1809 1534 1839 &
1546 1806 1719 1848 patientiam
1729 1804 1844 1838 suorum
1852 1807 2002 1839 Dominus
2011 1817 2149 1841 exercue-

421 1860 457 1892 rit
468 1882 475 1894 ,
487 1859 589 1890 arduas
598 1858 783 1888 difficultates
794 1856 940 1886 obiiciens
950 1876 958 1891 ‚
969 1855 1077 1897 quibus
1089 1853 1254 1895 superandis
1264 1863 1324 1883 non
1337 1851 1387 1883 nisi
1400 1851 1550 1894 singularis
1560 1851 1720 1884 constantia
1731 1862 1780 1893 par
1789 1850 1893 1883 suisset.
1909 1852 1989 1883 Talis
2013 1855 2090 1884 enim
2101 1864 2148 1884 re-

423 1906 514 1935 fertur
523 1902 605 1934 Pauli
615 1899 754 1943 ingressus
763 1900 793 1931 in
805 1899 1007 1931 Macedoniam
1019 1920 1028 1935 ‚
1039 1898 1089 1941 qui
1101 1897 1204 1931 visioni
1213 1896 1303 1929 fidem
1313 1898 1456 1941 abrogare
1467 1897 1606 1938 potuerit.
1641 1896 1737 1928 Sancti
1748 1895 1885 1928 homines
1894 1896 1998 1928 relrfto
2007 1899 2087 1939 quod
2099 1897 2151 1929 ha-

426 1948 540 1979 bebant
550 1949 576 1977 in
589 1947 723 1977 manibus
733 1964 741 1978 2
753 1955 862 1986 opere,
872 1944 1008 1976 celeriter
1019 1954 1096 1975 mare
1106 1942 1255 1974 traiiciunt
1265 1962 1274 1976 ,
1285 1952 1317 1972 ac
1328 1939 1348 1971 st
1359 1950 1421 1972 tota
1431 1951 1502 1984 gens
1510 1940 1707 1972 Macedonum
1727 1942 1792 1981 opis
1802 1941 1936 1982 perendae
1951 1941 2029 1973 causa
2041 1941 2150 1983 cupide

425 1992 546 2024 obuiam
559 2000 681 2023 ventura
690 1987 770 2021 effer.
781 1988 942 2020 nuncadeb
953 1999 1012 2020 non
1023 1987 1179 2029 respondet
1188 1987 1245 2026 spei
1255 1983 1406 2021 successus,
1415 1996 1445 2017 vr
1455 1996 1559 2017 omnes
1569 1983 1629 2017 fere
1639 1985 1780 2027 loquendi
1789 1985 1884 2016 aditus
1891 1984 2015 2028 praeclusi
2026 1985 2154 2027 sinrzpri-
2184 2007 2187 2010 ,

423 2048 500 2069 marn
511 2036 614 2068 vrbem
624 2033 751 2077 ingressi,
760 2035 911 2065 neminem
921 2033 980 2064 illic
990 2034 1139 2073 reperiunt
1149 2031 1195 2062 cui
1207 2041 1327 2071 operam
1337 2028 1413 2061 suam
1424 2029 1752 2072 impendant.coguntur
1763 2039 1836 2071 ergo
1854 2029 1883 2060 in
1895 2040 1997 2072 agrum
2007 2031 2085 2061 exite
2097 2049 2108 2065 ,
2117 2040 2152 2064 vt

417 2083 448 2113 in
466 2080 570 2116 secessu
582 2078 778 2112 &solitudine
788 2079 957 2120 loquantur.
967 2083 1006 2109 ne
1025 2077 1086 2109 illic
1095 2085 1216 2118 quoque
1226 2075 1321 2107 vitum
1332 2085 1422 2106 vnum
1433 2072 1558 2105 nancisci
1569 2072 1685 2114 possunt
1694 2094 1704 2109 ‚
1714 2074 1764 2114 qui
1773 2084 1873 2104 aurem
1884 2075 2009 2116 praebeat
2021 2073 2149 2116 ipsorum

415 2126 566 2158 doCtrinae.
577 2135 665 2157 vnam
677 2122 792 2155 tantum
805 2122 960 2154 mulierem
971 2122 1125 2163 acquirunt
1135 2119 1303 2162 discipulam
1315 2119 1444 2150 Chr-isto:
1455 2128 1518 2149 eam
1531 2120 1562 2150 δε
1572 2118 1690 2160 quidem
1702 2117 1910 2158 alienigenam.
1945 2119 2024 2157 Qus
2034 2129 2092 2151 non
2103 2118 2151 2149 di-

414 2169 495 2202 xiffer
508 2168 729 2212 profectionem
740 2167 818 2198 illam
831 2166 916 2199 stulte
925 2169 954 2198 Sc
966 2166 1049 2198 malis
1058 2163 1195 2208 auspiciis
1207 2163 1375 2206 susceptam,
1385 2173 1446 2205 quae
1454 2173 1514 2194 tam
1525 2162 1681 2194 infeliciter
1697 2161 1843 2198 cedebat?
1866 2162 1924 2193 Sed
1938 2163 1976 2194 ira
1996 2163 2148 2194 Dominus

414 2214 466 2245 sub
479 2214 583 2245 humili
594 2211 767 2254 infirmaque
778 2210 871 2252 specie
880 2222 971 2253 opera
981 2210 1026 2242 sua
1035 2210 1150 2253 peragit
1160 2220 1168 2240 :
1179 2208 1239 2251 quo
1248 2207 1385 2239 illustrior
1393 2208 1510 2238 tandem
1520 2206 1606 2248 ipsius
1616 2206 1748 2246 potentia
1755 2207 1880 2237 eniteat.
1897 2207 2049 2247 prasertim
2061 2217 2149 2238 exor-

416 2258 463 2289 dia
474 2258 568 2300 Regni
581 2257 689 2288 Christi
700 2255 738 2287 fic
751 2256 891 2297 componi
902 2256 1048 2296 oportuit,
1059 2265 1090 2287 vt
1102 2264 1196 2286 crucis
1207 2253 1403 2284 humilitatem
1416 2251 1556 2293 saperent.
1581 2247 1778 2281 Obseruanda
1795 2250 1944 2282 autemrest
1960 2251 2041 2282 Pauli
2054 2253 2086 2283 δε
2095 2262 2149 2282 co-

415 2304 522 2334 mitum
534 2302 597 2333 eius
607 2300 780 2334 constantia,
789 2303 839 2341 qui
848 2310 907 2331 tam
918 2299 1045 2332 aduersis
1055 2299 1147 2331 initiis
1158 2309 1217 2328 non
1229 2295 1364 2339 perculsi:
1373 2305 1488 2328 tentant
1498 2293 1726 2330 nihilominus‚si
1737 2304 1794 2336 qua
1803 2293 1830 2325 se
1839 2304 1940 2336 praeter
1950 2294 2026 2336 spem
2037 2297 2082 2326 vel
2093 2296 2149 2327 mi.

417 2348 495 2378 nima
504 2344 619 2377 occasio
628 2343 740 2376 offerat.
765 2345 799 2374 Et
808 2344 887 2376 certe
896 2354 999 2375 contra
1008 2344 1116 2385 quaeuis
1125 2341 1272 2374 obstacula
1279 2341 1382 2372 instari
1393 2350 1513 2382 oportet
1523 2339 1619 2371 seruos
1628 2338 1757 2372 Christi,
1769 2348 1823 2370 nec
1842 2340 1948 2370 cedere
1968 2339 2149 2371 difficultati-

418 2388 486 2425 bus,
495 2391 563 2431 quin
575 2398 698 2431 pergant
708 2388 738 2419 in
749 2387 918 2423 crastinum,
931 2387 949 2418 st
959 2387 1050 2418 hodie
1061 2386 1159 2417 nullus
1168 2386 1278 2418 laboris
1288 2384 1397 2416 fruetus
1412 2393 1540 2426 apparet.
1553 2393 1612 2414 non
1624 2385 1702 2414 enim
1714 2382 1753 2413 est
1763 2393 1814 2414 cur
1823 2382 1972 2415 feliciores
1985 2384 2078 2415 Paulo
2089 2381 2148 2415 esse

418 2434 576 2478 postulent.
600 2434 702 2468 Quum
712 2432 785 2463 dicit
804 2434 895 2462 Lucas
913 2432 942 2461 in
960 2441 993 2461 ea
1009 2430 1082 2460 vrbe
1100 2427 1182 2460 fuisse
1202 2437 1405 2460 commoratos
1416 2450 1424 2459 ,
1437 2427 1609 2469 quibusdam
1628 2438 1718 2469 mags
1728 2428 1822 2469 placet
1842 2449 1851 2462 ‚
1866 2427 1947 2469 quod
1964 2428 2149 2459 contulerint

417 2482 465 2511 vel
478 2474 850 2518 disputauerint.sedaltera
863 2473 957 2505 versio
968 2472 1125 2515 simplicior
1143 2473 1183 2502 est
1196 2476 1392 2504 &contextus
1401 2470 1439 2502 eb
1458 2481 1512 2501 nos
1528 2472 1618 2504 ducit.
1630 2472 1696 2511 quia
1707 2471 1796 2512 pau-lb
1813 2471 1877 2512 pbst
1894 2472 2027 2504 ostendet
2043 2475 2149 2508 Lucas,

417 2523 537 2565 Lydiam
549 2520 630 2552 luisse
639 2520 781 2562 primitias
790 2518 926 2552 ecclesiat-
937 2519 1138 2553 &comitere
1155 2526 1324 2560 promptum
1335 2515 1374 2546 est
1384 2535 1393 2550 ‚
1404 2516 1562 2559 Apostolos
1577 2513 1702 2560 egressos
1712 2515 1768 2547 esse
1776 2535 1786 2550 ,
1805 2515 1885 2560 quod
1896 2516 1976 2549 nulla
1985 2517 2013 2548 in
2025 2517 2098 2549 vrbe
2106 2517 2152 2553 ia.

417 2578 473 2599 nua
485 2567 539 2598 illis
549 2575 645 2607 aperta
654 2575 724 2596 erat.
1669 2567 1672 2570 ’
2006 2576 2007 2579 =
2080 2558 2088 2561 “

468 2624 492 2652 ¹3
546 2614 573 2641 D
589 2621 600 2640 r
615 2621 631 2640 ι
656 2603 910 2646 Sabbarhoru'm.)
937 2609 1006 2637 Non
1021 2604 1144 2637 dubium
1164 2603 1204 2636 est
1222 2603 1291 2645 quin
1303 2600 1437 2635 secessum
1447 2603 1609 2646 quaesierint
1622 2603 1727 2639 iudaei,
1744 2602 1810 2635 edm
1821 2603 1932 2645 precari
1943 2603 2147 2646 vellenttquia

418 2667 488 2689 tunc
498 2654 596 2696 passim
607 2665 711 2685 eorum
724 2653 829 2693 religio
841 2653 869 2681 in
880 2649 992 2682 summo
1001 2651 1072 2682 odio
1083 2649 1163 2682 esset.
1183 2651 1264 2680 Deus
1274 2658 1371 2680 autem
1383 2659 1484 2680 eorum
1494 2648 1631 2690 exemplo
1640 2648 1748 2679 docere
1760 2658 1818 2681 nos,
1827 2647 1934 2681 voluit,
1944 2650 2044 2689 quanti
2055 2650 2147 2681 nobis

421 2700 477 2732 esse
487 2701 594 2731 debeat
605 2698 671 2729 fidei
681 2696 832 2739 professio:
842 2706 879 2727 ne
889 2694 998 2727 scilicet
1010 2705 1073 2726 eam
1085 2694 1256 2739 inuidia-aut
1266 2692 1388 2735 periculi
1406 2703 1486 2725 metu
1496 2693 1669 2725 deseramus.
1691 2691 1850 2734 Habebam:
1867 2693 1990 2734 quidem
2009 2693 2110 2725 multis
2119 2695 2149 2725 in

421 2745 497 2777 locis
510 2746 689 2786 Synagogas:
701 2742 746 2773 sed
758 2739 912 2781 Philippis,
922 2749 984 2780 quae
994 2738 1121 2770 Colonia
1131 2740 1262 2769 Romana
1272 2747 1331 2767 erat
1343 2758 1351 2772 ‚
1359 2738 1498 2778 publicos
1507 2748 1593 2779 agere
1602 2747 1768 2768 conuentus
1778 2746 1837 2767 non
1854 2735 1948 2767 licuit.
1972 2739 2050 2779 Ergo
2061 2739 2090 2768 in
2106 2738 2149 2770 se·
2192 2756 2204 2757 „

423 2799 535 2821 cretum
545 2787 683 2829 angulum
695 2785 885 2827 confugiunt,
894 2793 924 2815 vt
934 2783 1036 2824 procul
1046 2783 1160 2816 arbitris
1167 2785 1264 2825 Deum
1275 2791 1440 2823 precentur.
1451 2793 1548 2824 neque
1557 2782 1615 2813 hoc
1624 2792 1722 2814 tamen
1733 2780 1823 2822 ipsum
1835 2780 1946 2812 inuidia
1955 2783 2149 2824 carebat,quae

425 2834 590 2865 molestiam
606 2832 662 2862 illis
674 2834 704 2863 &
714 2830 868 2862 discrimen
879 2838 995 2870 poterat
1004 2838 1110 2860 creare:
1121 2825 1167 2859 sed
1175 2826 1232 2863 Dei
1242 2825 1351 2864 cultum
1371 2826 1434 2857 otio
1445 2825 1495 2857 suo
1515 2829 1546 2859 δε
1563 2825 1726 2861 commodo
1736 2823 1896 2866 praeferunt.
1929 2825 2024 2858 Porro
2037 2829 2146 2860 Lucam

426 2878 462 2908 de
472 2878 572 2908 lutlaeis
582 2876 675 2917 loqui,
687 2885 719 2905 ex
729 2873 871 2906 sabbathi
882 2873 1004 2903 nomine
1013 2872 1173 2914 colligitur.
1180 2869 1288 2911 deinde
1297 2891 1306 2904 ‚
1316 2880 1406 2911 quum
1417 2870 1511 2912 Lydiae
1522 2872 1660 2912 pietatem
1671 2869 1863 2901 commender
1873 2891 1881 2904 ‚
1893 2870 2016 2902 Iudoeam
2025 2880 2148 2912 oportet

425 2921 517 2952 fuisse.
563 2924 625 2952 Nec
633 2919 707 2951 verb
718 2920 807 2961 longa
819 2917 1017 2959 disputatione
1027 2927 1101 2956 opus
1109 2915 1150 2947 est
1159 2935 1169 2950 ‚
1179 2914 1378 2958 <aspiciamus
1393 2915 1516 2956 capitale
1526 2913 1607 2946 fuisse
1625 2916 1732 2946 Graecis
1751 2916 1781 2945 δι
1793 2915 1935 2944 Romanis
1945 2914 2148 2950 ‚sabbathum

426 2965 588 2998 celebrare,
598 2965 644 2995 vel
655 2963 794 3004 suscipere
804 2961 1028 2994 ritusludaicos.
1054 2963 1113 2992 lam
1124 2949 1258 2992 tenemus
1268 2969 1326 2989 non
1344 2957 1552 2999 superstitionis
1567 2959 1647 2990 causa
1659 2958 1801 2990 delectam
1819 2956 1900 2990 fuisse
1918 2958 2045 2990 fluminis
2053 2959 2147 3000 ripam

428 3010 444 3040 ἓι
454 3007 566 3042 luditis,
578 3019 606 3038 in
617 3019 674 3049 qua
682 3017 870 3048 precarentur
883 3017 890 3036 ε
902 3005 950 3037 sed
959 3004 1151 3047 frequentiam
1164 3004 1328 3037 hominum,
1339 3005 1369 3034 &
1379 3004 1481 3045 populi
1495 3003 1598 3035 oculos
1606 3001 1718 3045 fugisse.
1766 3003 1793 3032 Si
1805 3002 1929 3033 obiiciat
1938 3001 2148 3043 quispiarmcm·

427 3064 488 3085 non
500 3053 580 3082 domi
593 3051 642 3083 suae
652 3053 786 3091 priuatim
798 3050 918 3093 quisque
927 3050 1028 3081 orabat
1039 3061 1045 3081 z
1055 3047 1248 3090 Responlioin
1260 3057 1397 3089 promptu
1407 3048 1446 3078 est
1456 3070 1463 3083 ‚
1474 3048 1632 3083 Solennern
1642 3049 1720 3078 hunc
1730 3044 1812 3077 fuisse
1821 3045 1956 3087 precandi
1965 3046 2054 3077 ritum
2065 3046 2150 3078 testi-

428 3098 469 3128 dae
480 3097 598 3138 pietatis
607 3095 695 3126 causa:
706 3106 792 3136 atque
801 3105 830 3127 vt
842 3094 1009 3125 &Gentium
1020 3093 1277 3134 superstitionibus
1284 3091 1403 3125 remoti,
1414 3091 1517 3122 mutuo
1529 3092 1553 3123 s'e
1563 3092 1750 3123 hortarentur
1760 3092 1794 3122 ad
1803 3089 1889 3122 vuius
1906 3089 1963 3121 Dei
1975 3090 2084 3123 cultum
2095 3113 2103 3126 ‚
2115 3094 2148 3123 δε

425 3150 573 3181 acceptam
584 3140 739 3180 apartibus
749 3140 923 3181 religionem
934 3140 1010 3169 inter
1020 3136 1045 3169 se
1054 3136 1201 3168 fouerent.
1236 3137 1388 3175 Qantum
1400 3137 1434 3166 ad
1445 3137 1566 3167 Paulum
1576 3139 1608 3168 δε
1617 3138 1678 3167 eius
1688 3135 1812 3167 comites
1821 3132 1940 3174 spectat,
1951 3136 2000 3175 qui
2011 3135 2081 3166 noui
2092 3136 2147 3166 ho·-
2262 3133 2266 3138 '
2289 3142 2310 3176 ,1

424 3186 510 3228 spires
520 3194 674 3217 erant,non
685 3192 743 3213 tam
752 3184 889 3224 precandi
901 3181 980 3213 causa
991 3180 1098 3213 venisse
1106 3181 1176 3212 illuc
1185 3180 1325 3212 credibile
1333 3179 1472 3220 est,qu?³m
1480 3180 1563 3222 *qubd
1573 3179 1737 3220 profeemm
1749 3178 1874 3218 aliquem
1884 3176 2107 3219 sperabant.erat
2116 3190 2147 3210 e-

425 3231 487 3261 nim
498 3237 681 3269 opportunus
692 3227 817 3258 docendi
826 3227 909 3258 locus
919 3226 1048 3267 procula
1057 3226 1222 3266 strepituz&
1230 3223 1399 3256 attentiores
1410 3225 1443 3254 ad
1454 3225 1509 3255 Dei
1521 3226 1645 3257 verbum
1656 3223 1711 3255 esse
1722 3222 1861 3255 docebat,
1871 3224 1921 3262 qui
1932 3223 2068 3264 precandi
2078 3233 2145 3254 cau.-

424 3273 449 3304 sa
460 3274 529 3304 illuc
542 3281 752 3303 conuenerant.
787 3273 873 3301 Diem
885 3270 1101 3301 Sabbarhorum
1113 3281 1166 3311 pro
1177 3270 1330 3300 Sabbatho
1338 3266 1430 3310 posuit
1442 3272 1540 3299 Lucas.
1554 3270 1605 3299 vbi
1623 3266 1767 3299 Erasmum
1779 3264 1893 3297 secutus
1902 3267 2030 3298 transtuli
2042 3288 2051 3302 ,
2063 3268 2147 3299 Sole-

426 3317 475 3347 bat
489 3315 543 3347 esse
553 3315 693 3357 precatio.-
707 3324 787 3345 vetus
798 3317 945 3355 Interpres
954 3314 1228 3348 liabetNidebnrur.
1238 3316 1272 3344 Et
1281 3313 1403 3344 verbum
1415 3307 1536 3357 νομίζεέὸς
1551 3313 1822 3351 Graecisvtrumque
1833 3309 1983 3353 fignificat.
2001 3310 2094 3343 sensus
2103 3321 2146 3344 ta-

429 3370 497 3390 men
507 3360 634 3397 praesenti
644 3360 713 3390 loco
723 3361 817 3400 aptior
829 3358 879 3392 est,
888 3368 921 3388 ex
931 3369 1011 3388 more
1023 3358 1150 3388 habitam
1162 3358 1221 3388 illic
1231 3355 1313 3388 fuisse
1321 3356 1531 3398 precationem.

473 3405 493 3432 L
505 3413 523 3431 o
534 3415 581 3439 qv
597 3416 613 3434 ε
628 3415 641 3433 ιι
661 3416 676 3433 Α
689 3415 709 3434 Μ
725 3416 741 3433 ν
755 3415 771 3434 n
788 3402 990 3440 mulieribus.)
1013 3403 1065 3432 Vel
1075 3402 1109 3432 ad
1120 3413 1219 3433 coetus
1230 3400 1341 3433 tanrtlm
1350 3399 1511 3432 muliebres
1521 3400 1677 3432 destinatus
1686 3409 1746 3430 erat
1763 3397 1845 3429 locus
1855 3397 1967 3430 illezvel
1977 3398 2054 3440 apud
2064 3397 2145 3429 viros

430 3445 556 3488 frigebat
568 3448 669 3488 religio
681 3470 689 3482 ,
699 3458 728 3478 νε
740 3448 835 3478 saltem
847 3445 958 3477 tardius
975 3444 1111 3476 adessent.
1135 3449 1292 3485 Vtcunque
1302 3455 1347 3476 res
1356 3445 1476 3480 habeat,
1486 3445 1619 3476 videmus
1630 3443 1740 3476 sanctos
1752 3442 1888 3473 homines
1898 3443 2006 3473 nullam
2017 3441 2145 3472 occasio-

429 3501 496 3523 nem
507 3491 735 3534 negligetetquia
745 3493 784 3523 n6
792 3500 950 3533 grauanrur
959 3490 1028 3521 solis
1040 3490 1214 3522 mulieribus
1224 3487 1328 3523 offerre
1337 3489 1635 3532 Eri-angeliuml’orrb
1643 3498 1733 3531 quum
1743 3487 1815 3518 mihi
1824 3485 1979 3519 verisimile
1990 3485 2103 3520 sinviris
2112 3487 2145 3517 a:

1973 3529 2147 3562 mulieribus
