2310 3841
414 91 473 130 186

897 85 974 128 1N
1021 84 1314 127 HARMO.
1356 83 1624 124 EVANG.

402 149 604 199 inexplebilis
615 147 884 198 gurges,ingetes
893 150 1001 196 copias
1012 149 1098 183 intus
1109 159 1245 181 vor-aret:
1297 146 1442 179 hominis
1459 156 1529 192 pars
1546 147 1651 180 anima
1673 167 1683 184 ‚
1707 157 1827 181 nornen
1838 144 1938 181 totius
1958 147 2144 185 sibimerito

403 201 513 237 Lazari
522 212 627 236 autem
646 199 755 245 inopia
772 197 949 232 &miseriis
968 210 1034 231 non
1053 207 1248 243 tangeretur,
1298 194 1457 228 vendicat.
1493 197 1630 242 Angelis
1641 205 1745 228 autem
1757 196 1819 228 hoc
1830 208 1944 230 munus
1956 210 2020 230 non
2033 197 2148 232 frustra

404 250 458 286 sed
469 248 552 284 fame
576 272 587 288 ,
612 247 731 295 frigore
742 250 773 281 &
791 246 931 280 vlcerum
949 243 1066 281 foetore
1076 243 1250 281 tabescere,

405 298 507 335 sciens
518 311 551 332 ac
562 298 674 331 volens
685 294 809 329 sineret.
835 303 872 328 ln
884 295 969 328 hunc
989 295 1123 328 modum
1132 297 1162 327 &
1173 294 1250 327 Eze-

406 344 577 388 chiel(i6.f.
587 347 658 386 46.)
670 345 846 379 Sodomam
856 342 975 377 accusat
985 343 1073 389 quod
1084 343 1116 374 in
1127 340 1251 375 saturita

406 407 438 431 te
446 396 536 442 panis
547 398 577 428 &
589 391 673 426 vinis
684 405 812 427 manum
825 393 915 436 inopi
925 404 991 424 non
1003 388 1258 437 porrigeret-Bys

407 444 525 491 so,quae
537 443 597 476 tela
608 442 651 475 est
663 437 1012 476 subtilior-,Orienfales
1029 440 1068 473 a1‘.
1079 444 1253 472 nitorem&

408 504 560 538 pompam
571 501 616 524 vri
635 488 747 524 solitos
758 486 846 522 fuisse
858 500 972 522 notum
984 487 1044 522 est:
1057 499 1151 532 quem
1164 487 1255 519 more

409 539 538 575 sacrifici
550 539 677 584 Papales
687 540 719 572 in
730 538 874 583 suis‚quae
885 548 1003 570 vocant
1014 533 1202 581 superciliis,
1214 546 1255 567 a:-

411 590 524 624 niulati
533 587 616 621 sunt.
838 596 841 598 ·

449 648 480 673 21
516 638 575 669 Sed
589 638 626 674 (ἐπ’
646 646 745 668 canes.
757 635 776 678 )
788 637 853 668 lam
864 632 938 667 inde
950 631 1022 666 satis
1031 631 1179 667 conuista
1191 640 1256 664 erat

411 684 510 721 ferrea
522 686 632 719 diuitis
642 681 928 728 immanitas‚quod
939 692 1003 714 tam
1015 678 1193 714 miserabile
1205 677 1256 723 spe

410 735 568 770 {taculum
580 733 617 766 ad
629 729 835 776 sympathiam
846 742 918 762 eum
930 740 998 761 non
1010 727 1171 762 fleetebat.
1182 739 1255 760 nam

412 783 497 831 siqua
506 780 710 814 humanitatis
720 788 806 824 gutta
817 778 849 810 in
861 789 900 810 eo
912 774 1137 814 fuisset,saltem
1150 775 1256 809 mada-

410 844 444 866 re
459 829 594 864 debebat
613 837 645 860 vt
656 825 777 872 aliquid
787 837 823 859 ex
833 825 945 859 eulinae
955 822 1013 859 suae
1025 824 1170 872 reliquiis
1181 821 1258 858 mise

411 892 448 913 ro
460 877 586 911 homini
599 875 732 909 daretur.
742 873 803 908 Sed
815 873 866 907 hic
883 873 989 919 impiae
1003 877 1033 908 &
1043 873 1173 919 plusqua
1187 871 1258 906 bel-

410 927 504 961 luinae
513 924 710 959 truculentiae
719 922 864 956 cumulus
873 919 933 955 suit
950 945 960 960 ‚
981 920 1089 954 saltem
1101 920 1118 956 Ξι
1127 920 1257 954 canibus

411 988 478 1009 non
489 973 608 1009 discere
620 969 882 1006 misericordiam.
893 972 966 1005 Nec
977 969 1111 1003 dubium
1124 967 1169 1003 est
1180 969 1258 1015 quin

411 1035 527 1058 arcano
542 1021 608 1056 Dei
619 1017 753 1053 consilio
775 1016 1016 1052 direc'tifuerint
1029 1030 1121 1052 canes
1132 1016 1182 1051 isti
1202 1017 1258 1063 qui

412 1084 485 1106 eum
496 1069 550 1104 suo
562 1069 709 1113 exemplo
719 1068 916 1101 damnarent.
942 1065 1089 1101 Christus
1106 1064 1190 1099 certe
1201 1078 1258 1098 eos

413 1115 464 1154 hic
489 1118 572 1166 qnasi
588 1118 619 1151 in
629 1115 851 1150 testimonium
870 1115 1029 1160 producit:
1043 1113 1258 1160 quiexecran-

413 1167 486 1202 dam
494 1165 640 1201 hominis
650 1163 799 1198 duritiem
813 1174 996 1211 coarguant.
1004 1163 1080 1208 quid
1091 1162 1180 1195 enim
1190 1174 1258 1195 ma·-

413 1216 462 1263 gis
471 1211 802 1260 porteiitosuimquam
814 1211 983 1245 hommem
1007 1211 1022 1244 ῖι
1041 1210 1144 1244 canib.
1157 1209 1259 1243 curari

411 1265 467 1311 qui
477 1265 494 1298 ai
503 1262 650 1309 proximo
661 1259 715 1293 suo
734 1259 931 1307 negligitur?
942 1260 1009 1293 imo
1026 1271 1067 1292 nc
1077 1258 1176 1292 micas
1185 1257 1259 1304 qui-

413 1313 487 1346 dem
498 1312 588 1356 panis
599 1309 664 1344 dari
685 1306 833 1342 famelico
843 1330 853 1346 ,
865 1308 913 1342 cui
926 1306 1075 1341 medendi
1088 1307 1186 1353 gratia
1196 1307 1258 1340 lin-

411 1372 486 1407 guas
498 1359 564 1393 suas
574 1370 665 1391 canes
675 1350 939 1390 accomm'bdant?
966 1357 1107 1401 Qties
1119 1366 1197 1401 ergo
1208 1354 1259 1390 vel

409 1408 570 1446 alieni,vel
581 1403 642 1452 ipsa
652 1405 742 1438 bruta
752 1405 900 1439 animalia
911 1404 943 1438 in
957 1404 1042 1438 vices
1053 1403 1175 1438 nostras
1189 1402 1259 1437 sub-

414 1467 491 1490 eunt
502 1467 535 1490 vt
547 1453 660 1489 officio
672 1451 843 1501 fungantur
853 1453 942 1500 quod
953 1452 1061 1498 potins
1072 1452 1088 1486 a
1099 1451 1195 1486 nobis
1204 1463 1259 1498 pre

411 1504 555 1539 standum
567 1500 777 1541 erat‚sciamus
787 1502 924 1536 totidem
936 1500 1105 1535 Di'uinitus
1118 1500 1211 1536 testes
1222 1512 1257 1535 ac

410 1552 531 1588 iudices
557 1550 654 1586 nobis
671 1549 763 1585 statui
789 1549 845 1598 qui
860 1550 983 1591 crimen
1001 1548 1146 1583 nostrum
1157 1548 1260 1596 magis

411 1602 573 1649 detegant.
912 1600 914 1607 '

447 1661 482 1683 22
532 1646 656 1685 Accidit
667 1656 767 1680 autem
775 1656 812 1680 vt
830 1650 917 1686 mor.)
929 1644 994 1680 H'ie
1005 1645 1146 1682 ostendit
1158 1644 1260 1680 Chri-

411 1697 472 1732 stus
482 1695 681 1745 quantumin
700 1705 807 1729 morte
818 1705 935 1728 mutata
945 1691 1043 1728 fuer-ii
1059 1692 1190 1740 vtriusq3
1202 1695 1260 1728 (ὃ-

409 1747 506 1782 ditio.
525 1747 618 1780 Mors
628 1743 758 1789 quidem
777 1742 937 1778 ambobus
947 1742 1160 1777 comuniszsed
1172 1754 1260 1776 mor-

411 1805 501 1829 tuum
511 1792 550 1828 ab
563 1791 698 1839 Angelis
709 1787 825 1826 deferri
836 1790 869 1825 in
881 1791 982 1825 finum
994 1791 1131 1827 Abrahae
1142 1789 1259 1825 foelici-

411 1853 459 1877 tas
470 1841 513 1876 est
524 1841 631 1888 regnis
644 1839 800 1874 omnibus
809 1838 1121 1886 oprabilior.Addici
1131 1840 1210 1874 vero
1221 1837 1259 1872 ad

411 1901 546 1925 aeternos
557 1887 886 1926 cruciatus‚horribile
896 1887 985 1927 est‚&
998 1898 1127 1926 centnm
1141 1887 1226 1925 vitis,
1236 1885 1259 1920 si

410 1939 481 1973 fieri
489 1935 839 1984 poffet,redimendum.
852 1941 902 1971 Ae
911 1936 1008 1971 nobis
1018 1936 1149 1983 quidem
1159 1936 1191 1969 in
1201 1938 1260 1970 La-

411 1987 473 2021 zari
484 1985 616 2033 persona
631 1984 750 2019 illustre
761 1986 991 2020 documentum
1002 1985 1207 2033 proponitur,
1219 1995 1260 2017 ne

413 2048 522 2070 coram
537 2036 613 2068 Deo
632 2033 823 2068 maledi'Etos
840 2044 988 2079 putemus
1010 2035 1065 2080 qui
1085 2044 1141 2078 per
1152 2033 1260 2066 conti—

411 2095 495 2118 nuos
505 2085 676 2130 languores
684 2081 782 2115 vitam
799 2081 948 2116 aerumnis
959 2080 1110 2120 refertam
1122 2079 1204 2128 aegre
1213 2090 1260 2113 tra

410 2131 503 2166 hunt,
520 2130 637 2164 namin
648 2143 686 2164 eo
696 2128 736 2164 sic
759 2127 944 2164 abscondita
962 2127 1022 2164 fuit
1032 2129 1099 2165 Dei
1118 2127 1217 2175 gratia
1228 2132 1260 2163 &

412 2180 514 2213 crucis
525 2178 730 2213 deformitate
740 2200 751 2217 ‚
770 2177 958 2225 probrisque
968 2175 1111 2225 oppressa
1120 2199 1130 2216 ‚
1150 2186 1183 2210 vt
1192 2188 1262 2211 ear-

412 2225 573 2260 nissensus
589 2224 668 2259 nihil
679 2234 788 2270 praeter
799 2226 1063 2261 maledifflonem
1085 2225 1263 2272 apprehen-

413 2274 465 2309 dat
476 2287 484 2308 :
496 2273 582 2321 atqui
593 2272 738 2308 videmus
755 2273 850 2318 quam
861 2272 998 2316 pretiosa
1014 2276 1119 2319 anima
1128 2273 1161 2306 in
1172 2271 1262 2307 foedo

413 2327 447 2358 ὅ(
459 2323 590 2369 putrido
601 2331 736 2365 corpore
744 2319 953 2365 latuerit‚quae
962 2319 1001 2352 ab
1017 2321 1152 2364 Angelis
1161 2319 1193 2352 in
1203 2320 1263 2354 bea

412 2381 479 2405 tam
490 2370 587 2403 vitam
602 2367 752 2403 defertur.
763 2369 873 2410 Qare
883 2366 965 2399 nihil
977 2366 1023 2399 illi
1034 2365 1263 2404 nocuit,deser-

414 2430 485 2453 tum
499 2431 533 2453 ac
545 2426 770 2462 contempmm
779 2415 871 2448 omni
883 2414 1025 2449 humano
1039 2411 1152 2447 solatio
1164 2412 1260 2447 desti-

414 2467 462 2501 tui
473 2466 523 2501 cui
534 2478 569 2500 ex
580 2468 680 2500 carnis
689 2462 847 2510 ergastulo
866 2463 1019 2511 migranti
1029 2461 1141 2508 praesto
1150 2461 1190 2507 ad
1199 2459 1262 2496 ob-

414 2513 558 2561 sequium
573 2513 672 2548 adesse
683 2512 831 2560 dignatur
839 2509 964 2557 spiritus
972 2507 1261 2546 caelestesazursum

415 2564 448 2597 in
459 2563 559 2598 diuite
569 2564 686 2608 tanqusi
696 2561 727 2594 in
739 2558 852 2594 illustri
864 2558 1003 2607 speculO,
1016 2558 1154 2595 cernitur
1164 2557 1261 2606 quam

414 2624 481 2646 non
494 2610 668 2657 expetenda
687 2608 723 2642 sit
736 2608 932 2654 temporalis
941 2605 1088 2643 soelicitas
1097 2615 1165 2654 quae
1174 2616 1261 2640 aeter-

414 2672 458 2694 no
467 2660 565 2694 exitio
577 2657 709 2698 constat.
728 2657 924 2692 Notandum
935 2667 1042 2692 tamen
1052 2654 1199 2701 estquod
1209 2652 1260 2688 di-

414 2708 488 2742 uitis
506 2705 697 2751 sepulturam
707 2703 901 2740 nominatim
917 2704 1090 2751 praedicans
1100 2701 1258 2740 Christus,

415 2757 491 2801 quid
503 2753 621 2790 fastum
630 2753 724 2788 fuerit
742 2754 863 2786 Lazaro
874 2763 966 2788 tacet.
977 2751 1021 2787 116
1034 2751 1123 2798 quod
1134 2751 1200 2791 eius
1209 2762 1258 2791 c27

415 2803 509 2837 darier
521 2801 594 2837 feris
604 2801 770 2836 obieffiim
781 2800 836 2835 sub
845 2801 901 2836 dio
912 2799 1108 2839 iacuerit‚sed
1122 2799 1195 2846 quia
1205 2799 1259 2832 εὸ-

414 2852 562 2897 temptim
580 2863 613 2884 ac
625 2850 688 2885 fine
706 2849 833 2883 honore
854 2849 1036 2895 proieEtum
1057 2846 1151 2892 fuerit
1163 2847 1197 2887 in
1207 2842 1259 2879 fo-

1301 243 1438 288 vssignat
1449 242 1595 276 Christus
1607 265 1616 281 ‚
1625 255 1706 290 quos
1716 241 1829 277 scimus
1839 245 1927 278 datos
1944 244 2030 279 fisiss'e
2041 246 2146 280 sideli-

1302 290 1362 323 bus
1382 292 1546 324 ministros
1563 301 1597 325 vt
1618 303 1729 324 eorum
1739 291 1826 324 saluti
1845 293 1896 325 lua
1910 295 2010 328 lludia
2019 291 2147 340 opetiis-

1303 340 1573 385 queiuipendant.

1352 391 1389 421 ln
1397 390 1494 432 [mum
1505 386 1665 425 Abrahae.)
1675 388 1728 420 De
1740 385 1804 421 sinu
1818 387 1948 422 Abrahae
1959 389 2053 436 quam
2064 388 2147 424 varie
2156 400 2219 423 Sinus
2256 401 2297 422 ,Λ-

1305 434 1524 481 philosophati
1535 434 1696 469 iinrmult‘i
1709 438 1874 481 Scriptnrae
1885 438 2084 483 interpretes,
2097 451 2144 472 re-
2158 433 2226 455 ‘'⁰'‘

1305 484 1388 518 ferre
1399 484 1478 516 nihil
1488 495 1568 529 opus
1579 483 1669 521 est‚ac
1683 495 1722 517 ne
1738 497 1811 518 mco
1823 486 1953 530 quidem
1965 487 2085 519 iudicio
2096 499 2149 520 cx-

1305 530 1537 578 pedit.sut'ficiat
1547 544 1654 565 tenere
1669 542 1755 577 quoti
1767 534 1904 567 lectores
1922 535 2023 580 probe
2034 537 2066 567 in
2077 534 2150 568 scri-

1308 592 1397 626 ptura
1417 581 1577 614 exercitati
1588 592 1763 628 genuinum
1783 581 1842 614 effe
1859 582 2042 627 agnoscent.
2063 586 2149 617 Narn

1309 628 1386 662 ficut
1397 628 1558 662 Abraham
1569 631 1643 664 ineo
1658 640 1743 674 parer
1755 629 1898 663 fidelium
1910 631 2012 664 dietus
2022 630 2066 664 est
2077 633 2150 677 quia

1308 689 1406 722 penes
1424 678 1524 722 ipsum
1543 677 1723 724 depolitum
1740 676 1800 710 fuit
1817 688 1938 711 aeternae
1953 681 2021 714 vitae
2034 678 2151 717 foedus,

1307 726 1397 772 quod
1407 724 1495 759 fideli
1518 726 1657 760 custodia
1668 726 1824 760 seruatum
1842 727 1916 759 tiliis
1926 727 1984 761 suis
1996 728 2151 774 primum,

1308 774 1424 808 deinde
1442 774 1562 807 cunehs
1575 774 1725 820 gentibus
1742 786 1798 820 per
1811 787 1921 808 manus
1940 782 2095 814 traderet,
2121 780 2154 811 &

1308 821 1365 866 filij
1374 833 1441 856 eius
1452 833 1604 856 vocantur
1624 822 1806 870 quicunque
1817 821 1921 857 eiusde·
1929 823 2154 868 promissionis

1308 871 1378 904 sunt
1390 870 1540 905 heredes:
1552 871 1594 904 ita
1605 872 1674 916 post
1685 884 1823 906 mortem
1835 872 1982 906 dicuntur
1994 875 2024 905 in
2037 874 2103 906 eius
2115 871 2153 905 li-

1309 931 1387 953 num
1399 921 1511 966 colligi
1529 921 1583 967 qni
1595 919 1732 954 eiusdem
1750 933 1821 954 cum
1832 932 1872 953 eo
1883 920 1958 954 fidei
1968 918 2070 956 fruel&
2082 933 2156 967 per-

1309 968 1443 1013 cipiunt.
1454 969 1643 1014 Metaphora
1653 969 1764 1014 aparte
1775 967 1940 1015 sumpta‚in
1952 970 2040 1003 cuius
2056 969 2156 1003 veluti

1311 1015 1376 1050 sint'i
1388 1016 1446 1058 filij
1459 1016 1657 1051 conueniunt
1668 1018 1743 1051 dum
1754 1015 1881 1063 vespere
1892 1017 1931 1050 ab
1950 1018 2056 1064 operis
2068 1017 2155 1052 diur-

1311 1065 1361 1097 nis
1369 1065 1460 1099 domi
1476 1075 1723 1113 congregantur.
1763 1070 1874 1112 Qum
1887 1077 1965 1112 ergo
1976 1065 2034 1111 filij
2048 1071 2111 1102 Dei
2122 1066 2157 1100 in

1310 1109 1374 1146 hoc
1386 1113 1507 1147 mundo
1517 1113 1643 1159 dispersi
1665 1116 1919 1167 peregrinentur,
1933 1112 2021 1148 sicuti
2033 1115 2064 1149 in
2076 1126 2154 1161 prae-

1309 1158 1388 1194 senti
1399 1163 1556 1195 curriculo
1567 1161 1664 1196 fidem
1675 1160 1845 1209 sequuntur
1856 1163 1949 1207 patris
1959 1160 2003 1195 sui
2013 1162 2154 1208 Abrahe,

1310 1208 1354 1243 ita
1364 1207 1507 1244 defune‘ti
1517 1212 1547 1244 in
1559 1210 1649 1244 beata
1660 1211 1767 1257 quiete
1777 1212 1808 1244 in
1820 1223 1880 1257 qua
1891 1222 1946 1244 eos
1959 1211 2158 1257 expedianse-

1309 1255 1340 1293 se
1350 1257 1573 1305 recipit'it.Nee
1584 1262 1661 1292 vero
1673 1271 1794 1293 certum
1806 1262 1910 1292 locum
1924 1259 2093 1307 imaginari
2104 1272 2157 1294 ne-

1312 1305 1390 1340 cesse
1401 1305 1509 1340 esttled
1522 1316 1644 1340 tantum
1664 1308 1815 1342 collectio
1832 1308 1884 1340 illa
1895 1319 1987 1353 quam
2005 1309 2080 1346 dixi,
2093 1321 2156 1341 no-

1311 1365 1442 1392 tatur‚vt
1453 1353 1569 1388 scilicet
1580 1353 1676 1400 reipsa
1688 1355 1858 1402 agnoscant
1870 1354 1980 1390 fideles
1990 1356 2019 1390 se
2031 1359 2076 1390 no
2088 1354 2155 1390 fru-

1310 1402 1372 1437 stra
1381 1402 1437 1436 sub
1447 1402 1510 1437 fide
1522 1402 1657 1437 Abrahae
1668 1403 1812 1450 auspiciis
1823 1404 1977 1443 militasse,
1990 1405 2062 1451 quia
2074 1405 2155 1439 eodf:

1311 1451 1345 1485 in
1356 1452 1438 1486 caelis
1458 1443 1626 1486 domicilio
1638 1448 1770 1486 fruatur.
1783 1454 1814 1487 Si
1827 1463 2032 1500 quaeratur,an
2046 1454 2154 1488 eadem
2166 1452 2260 1484 Qalrie.

1312 1500 1412 1535 hodie
1423 1500 1482 1545 piis
1500 1499 1648 1533 conditio
1667 1500 1802 1546 reposita
1813 1501 1848 1535 sir
1859 1500 1931 1547 post
1942 1512 2081 1536 mortem
2090 1524 2099 1540 ‚
2118 1513 2158 1535 an

1311 1549 1389 1584 vero
1405 1547 1551 1582 Christus
1561 1545 1754 1595 resurgendo
1775 1549 1873 1583 sinum
1885 1548 1971 1583 suum
1988 1550 2159 1596 aperuerit,

1310 1596 1344 1630 in
1357 1609 1420 1643 quo
1431 1608 1494 1630 tam
1505 1596 1670 1630 Abraham
1683 1595 1746 1642 ipse
1757 1619 1766 1635 ‚
1787 1597 1881 1644 quam
1893 1597 1935 1642 pij
1945 1610 2059 1631 omnes
2070 1599 2162 1645 quie·
2193 1630 2195 1632 .

1310 1643 1413 1679 scant:
1427 1644 1567 1678 breuiter
1576 1643 1767 1690 respondeo,
1778 1645 1875 1678 Sicuti
1886 1646 2079 1679 luculentior
2091 1646 2157 1680 Dei

1311 1693 1408 1740 gratia
1418 1705 1473 1740 per
1482 1693 1696 1740 Euangelinm
1708 1692 1804 1726 nobis
1814 1691 1928 1727 affulsit
1937 1715 1946 1731 ‚
1956 1698 1985 1728 δέ
2003 1693 2152 1728 Christus

1310 1741 1375 1788 ipse
1384 1743 1438 1776 Sol
1449 1742 1572 1776 iustitiae
1583 1741 1638 1776 suo
1656 1742 1792 1776 aduentu
1803 1739 1932 1775 salutem
1942 1742 2038 1776 nobis
2048 1743 2154 1777 attulit

1311 1803 1406 1838 quam
1418 1788 1608 1824 eminussub
1619 1789 1760 1824 obscuris
1770 1789 1892 1824 vmbris
1904 1790 2019 1824 Patrib.
2035 1791 2156 1826 intueri

1312 1839 1392 1873 olim
1404 1840 1512 1873 datum
1523 1838 1624 1874 esttita
1636 1837 1771 1873 minime
1782 1837 1915 1873 dubium
1927 1837 1985 1873 effe
1997 1840 2074 1885 quin
2085 1852 2157 1874 mor

1312 1887 1358 1922 tui
1368 1886 1502 1934 propius
1512 1887 1550 1922 ad
1560 1886 1682 1934 celestis
1693 1888 1757 1932 vire
1768 1885 1954 1921 fruitionem
1966 1887 2159 1923 accesserint.

1314 1940 1439 1970 interea
1448 1936 1622 1970 tenendum
1635 1934 1681 1969 est
1691 1957 1701 1973 ‚
1722 1935 2002 1970 *immortalitatis
2021 1938 2159 1984 glbriam
2169 1953 2263 1977 plenam.

1313 1983 1410 2031 vsque
1426 1985 1464 2018 ad
1483 1985 1570 2018 diem
1589 1983 1737 2017 Vltimum
1762 1983 1995 2029 redemptionis
2022 1983 2157 2020 differri.

1313 2032 1415 2077 Qod
1425 2032 1464 2066 ad
1481 2043 1602 2066 nomen
1612 2031 1728 2078 [peditat
1737 2041 1801 2065 tam
1821 2030 1904 2066 finus
1915 2031 2049 2067 Abrahae
2063 2033 2157 2080 quam

1313 2079 1436 2114 Christi
1449 2079 1554 2114 vo'cari
1566 2079 1671 2126 potest
1684 2080 1876 2125 tranquillus
1892 2080 1946 2113 ille
1956 2092 2066 2126 portus
2076 2083 2130 2129 qui
2141 2083 2159 2117 a

1313 2128 1473 2176 praesentis
1490 2131 1561 2162 vitae
1572 2128 1778 2176 nauigatione
1789 2127 1900 2163 fideles
1909 2130 2035 2175 excipit.
2054 2132 2162 2165 Caete-

1313 2177 1386 2211 riim
1398 2177 1472 2224 quia
1482 2175 1576 2210 altius
1586 2174 1744 2224 progressi
1755 2175 1972 2224 sumuS,quam
1984 2181 2092 2213 Patres
2103 2177 2159 2212 sub

1314 2227 1414 2272 Lege,
1425 2224 1529 2273 aptius
1546 2224 1709 2260 notabitur
1725 2223 1790 2259 liaee
1798 2224 1975 2264 (ὶίίὶίηᾷἰο,
1986 2225 2007 2259 si
2019 2227 2163 2261 dicamus

1314 2272 1436 2308 Christi
1449 2272 1592 2319 memma
1603 2274 1640 2308 ad
1652 2283 1743 2319 caput
1754 2271 1842 2307 suum
1855 2274 2030 2321 aggregari:
2041 2284 2106 2321 atq3
2118 2275 2161 2310 ita

1313 2319 1443 2355 cessabit
1465 2321 1651 2367 metaphora
1664 2321 1703 2356 de
1725 2321 1790 2355 sinu
1803 2321 1939 2355 Abrahae
1960 2344 1970 2361 ,
1986 2321 2074 2356 sicuti
2083 2322 2159 2357 solis

1313 2367 1421 2413 fulgor
1436 2380 1546 2402 exortu
1557 2369 1611 2403 suo
1631 2370 1733 2404 stellas
1743 2382 1858 2404 omnes
1873 2369 2033 2404 obscurat.
2044 2372 2090 2405 Ex
2101 2371 2159 2406 hac

1313 2425 1420 2448 tamen
1432 2415 1588 2461 loquendi
1605 2414 1710 2451 forma
1730 2430 1789 2464 qua
1799 2417 1867 2452 vsus
1878 2417 1922 2451 est
1932 2418 2078 2453 Christus
2088 2421 2159 2454 col-

1313 2462 1414 2510 ligere
1425 2462 1556 2497 interim
1569 2463 1655 2502 licet,
1666 2467 1774 2498 Patres
1783 2463 1838 2498 sub
1848 2469 1937 2512 Lege
1945 2466 2076 2501 caelestis
2087 2468 2158 2501 vitae

1312 2509 1529 2545 haereditatem
1542 2533 1552 2550 ,
1570 2512 1603 2545 in
1621 2524 1715 2559 quam
1736 2518 1856 2547 mortui
1866 2515 1985 2560 recepti
1995 2514 2083 2555 sunt,
2094 2515 2157 2551 fide

1311 2557 1541 2605 amplexoseffc
1550 2559 1625 2594 dum
1643 2561 1799 2595 viuerent.

1346 2618 1377 2649 23
1429 2607 1527 2655 Apud
1536 2607 1644 2652 inftros
1645 2608 1774 2651 ffiblatis
1791 2610 1895 2644 oculis.
1903 2612 1924 2652 )
1935 2609 1999 2643 Etsi
2010 2609 2156 2646 Christus

1310 2653 1478 2691 historiam
1489 2667 1612 2695 narrat,
1624 2669 1674 2691 res
1688 2667 1795 2691 tamen
1811 2656 1884 2704 spiri
1931 2658 1985 2705 ‘les
2005 2656 2155 2694 describit:

1310 2701 1365 2737 sub
1375 2703 1489 2753 figuris
1500 2717 1578 2753 quas
1596 2703 1713 2746 sciebat
1730 2717 1900 2740 accommo
1925 2718 1957 2740 as
1968 2705 2074 2754 qffiead
2086 2706 2156 2742 sen-

1311 2750 1377 2786 sum
1388 2752 1544 2788 nostrum.
1561 2754 1680 2800 Neque
1688 2753 1776 2787 enim
1789 2755 1902 2788 animae
1913 2754 2061 2801 dig'tis&
2074 2767 2155 2789 ocu-

1310 2800 1348 2833 lis
1358 2802 1493 2846 praeditae
1503 2800 1574 2835 sunt
1587 2823 1599 2840 ‚
1619 2813 1724 2848 neque
1736 2800 1784 2835 siti
1800 2799 1960 2836 laborant:
1970 2815 2074 2850 neque
2083 2814 2154 2836 mu-

1310 2857 1364 2881 tua
1379 2848 1499 2884 habent
1517 2849 1601 2884 inter
1611 2848 1640 2884 se
1651 2850 1833 2896 colloquia,
1844 2850 1936 2897 quale
1946 2849 1997 2884 hic
2014 2850 2096 2884 inter
2105 2852 2153 2883 A-

415 2901 534 2941 ueam(
543 2899 603 2931 hoc
615 2897 702 2932 enim
714 2910 751 2933 ex
761 2897 912 2944 opposito
931 2896 1082 2932 membro
1104 2896 1258 2944 colliget?
1277 2895 1440 2947 Qbraham
1452 2901 1483 2933 δι
1503 2898 1673 2944 epulonem
1684 2896 1871 2933 describitur
1888 2911 1896 2932 ι
1915 2896 1968 2936 sed
1984 2897 2152 2933 Dominus

414 2948 566 2991 proptum
579 2945 741 2981 est,nihilo
758 2946 828 2991 plus
847 2944 946 2990 officij
958 2943 1199 2990 menumquam
1210 2940 1259 2977 viss
1288 2953 1291 2956 ·
1309 2941 1507 2980 hictabulam
1523 2945 1677 2992 depinxit,
1689 2946 1750 2994 que
1760 2945 1870 2981 statum
1883 2944 1990 2979 futura:
2003 2943 2073 2989 iqitae
2090 2957 2151 2991 pro

414 3005 459 3027 uo
473 2993 619 3035 impensu
631 2992 823 3032 fuiffe)di.ues
833 2995 925 3030 cotra
935 2993 1118 3040 sumptuose
1129 3004 1187 3037 pro
1196 2989 1258 3026 suis

415 3038 662 3088 opib.sepultus,
673 3041 795 3085 aliquid
812 3042 914 3078 adhuc
931 3040 1107 3087 expristina
1115 3038 1270 3087 superbia>

414 3088 572 3124 residuum
583 3087 688 3120 habet.
701 3089 788 3122 Nam
806 3089 906 3124 bacin
917 3100 1004 3136 parte
1013 3087 1259 3136 quodammodo

414 3147 526 3182 nature
535 3134 682 3169 reluetari
692 3135 838 3168 videmus
848 3137 998 3182 profanos
1009 3137 1159 3171 homines
1169 3136 1259 3184 quod

415 3183 534 3219 funeris
547 3181 712 3229 splendore
730 3185 761 3217 δι
778 3185 919 3229 exequiis
930 3185 1109 3230 superstites
1122 3182 1270 3219 fortuna:⁴

415 3232 473 3268 suae
486 3231 545 3267 esse
554 3240 715 3278 appetunt.
725 3230 872 3265 caeteriim
883 3231 977 3278 quam
990 3233 1081 3267 stulta
1094 3232 1128 3268 sit
1139 3237 1169 3268 &
1180 3226 1258 3268 ridi-

417 3282 483 3314 cula
494 3281 559 3315 haec
577 3278 712 3315 ambitio
721 3302 731 3317 ‚
741 3278 833 3313 testes
842 3277 912 3313 sunt
921 3279 1001 3325 apud
1013 3280 1134 3315 inferos
1144 3292 1256 3315 eorum

418 3328 537 3361 animae.
549 3328 648 3375 Qd
660 3329 812 3361 Lazarum
823 3327 961 3361 delatum
973 3325 1032 3361 esse
1043 3328 1121 3363 dicit
1131 3351 1140 3367 ‚
1152 3327 1258 3376 synec-

419 3373 550 3410 dochica
568 3375 612 3410 est
628 3376 778 3423 loquutio
804 3387 812 3406 :
831 3387 903 3409 nam
914 3375 987 3422 quia
1009 3376 1203 3421 praestantior
1212 3375 1257 3411 est

1308 2988 1411 3026 sensus
1422 2993 1522 3028 nostri
1534 2993 1669 3028 modulo
1680 2993 1884 3040 repraesentet.
1896 2993 2023 3026 Summa
2043 3003 2148 3029 autem

1309 3038 1370 3078 est,
1383 3039 1494 3076 fideles
1512 3042 1651 3080 animas,
1662 3041 1717 3075 vbi
1728 3041 1745 3076 ὲ
1755 3038 1941 3085 corporibus
1960 3039 2148 3085 migrarunt,

1307 3086 1409 3121 latam
1421 3093 1450 3124 &
1463 3088 1588 3124 beatam
1607 3090 1702 3124 vitam
1720 3099 1805 3122 extra
1817 3086 1970 3121 mundum
1981 3099 2084 3134 agere:
2097 3102 2149 3125 re-

1309 3134 1419 3180 probis
1437 3138 1516 3172 vero
1533 3148 1658 3184 paratos
1667 3133 1725 3170 esse
1744 3134 1916 3170 horribiles
1926 3136 2147 3186 eruciatus,qui

1308 3183 1446 3218 mentib.
1458 3185 1574 3219 nostris
1583 3197 1649 3220 non
1661 3183 1763 3231 magis
1772 3183 1898 3228 concipi
1910 3182 2143 3233 possunt‚quam

1306 3229 1460 3283 immensa
1470 3235 1618 3267 caelorum
1629 3232 1744 3280 gloria.
1754 3230 2038 3271 Quemadmodum
2055 3235 2141 3270 enim
2151 3235 2290 3293 &gauff-

1306 3289 1416 3325 exigua
1433 3281 1555 3314 tantum
1567 3291 1652 3326 parte
1670 3289 1826 3325 quatenus
1845 3277 2140 3318 scilicetillurninati

1305 3325 1409 3360 sumus
1434 3329 1500 3362 Dei
1518 3329 1634 3373 Spiritu
1654 3349 1664 3366 ‚
1683 3338 1737 3372 per
1762 3325 1846 3371 spem
1873 3326 2030 3372 gustamus
2063 3342 2139 3376 pro-

1304 3372 1425 3410 missam
1441 3375 1539 3408 nobis
1563 3375 1698 3422 gloriam
1723 3386 1791 3421 quae
1809 3373 1912 3409 sensus
1936 3390 2048 3412 omnes
2066 3379 2140 3412 lon-

2102 3426 2142 3472 ge
