2310 3841
303 134 351 173 ιε
874 128 949 170 IN
1001 121 1504 180 EVANGEleM

162 214 202 258 C
221 211 281 257 ΠΙ
308 202 330 238 fi
341 215 377 237 ex
387 199 548 236 miraculis
557 198 690 246 pendeat
700 196 801 234 fides?
826 198 900 232 Iino
910 195 1021 232 diserte
1033 192 1141 230 Moses
1188 191 1280 226 vnius
1290 188 1593 230 correctionemssed
1600 187 1847 242 renouationem
1857 188 1955 225 totius
1963 203 2019 226 na-
2033 195 2170 230 srgaifiueur.

206 247 215 256 ⁵
285 245 295 255 ⁹
312 251 496 299 pronuntiat
506 250 569 283 hoc
586 248 687 282 modo
697 247 927 281 nostentarian
941 248 1044 278 Deum
1055 255 1143 276 ame-
1189 251 1265 273 turae
1277 239 1428 288 designat.
1465 239 1548 273 vnde
1565 238 1703 292 sequitur
1720 240 1801 273 nihil
1814 237 1873 273 esse
1883 240 1915 272 in
1926 239 2023 274 nobis

161 327 302 356 ventum.
314 313 399 335 mus.
426 301 514 333 Nota
531 308 662 343 quoque
670 295 714 330 est
724 295 848 330 Christi
858 298 889 329 δι
899 294 985 327 Pauli
994 291 1144 326 admoui·
1191 286 1249 322 nisi
1259 289 1419 324 vitiosum.
1436 288 1522 322 Nam
1536 287 1559 320 li
1574 299 1607 321 m
1619 294 1689 322 ‘toto
1701 292 1732 324 &
1745 287 1874 341 singulis
1882 288 2025 333 partibus

163 361 195 382 M
197 365 236 382 au.
245 359 304 387 24⁶.

163 399 201 419 2⁴-

161 425 254 487 {Taefi
264 433 303 448 ²'‘'
315 448 376 481 los.
385 441 580 488 Respondeo
590 464 600 480 ,
610 441 679 476 fieri
693 441 822 489 quidem
831 438 914 472 iusto
925 437 989 472 Dei
1000 429 1148 480 permissu
1194 432 1363 468 dicendum
1375 433 1446 466 erit.
1497 429 1769 479 Erasinus‚Cyrilli
1778 433 1969 479 opinionem
1981 433 2027 467 se-

315 504 350 529 vt
361 492 506 527 fallantur
523 493 640 525 Satanae
649 490 812 537 praestigiis
823 488 876 534 qui
889 485 977 533 digni
990 483 1058 516 sunt
1071 494 1078 514 :
1092 492 1145 515 ve·
1195 492 1309 527 quutus
1319 507 1328 521 ,
1340 480 1527 515 aduerbium
1546 478 1656 515 ἄνωθεν
1668 482 1747 515 mne
1764 482 1921 515 transtulit
1941 483 1964 515 E
1978 481 2025 514 su·-

315 542 388 576 rum
413 541 445 574 id
467 552 534 573 non
553 538 679 572 obstare
696 539 770 572 dico
789 548 867 583 qum
886 533 994 567 electis
1004 539 1148 575 appareat
1193 530 1309 575 pernis.
1347 529 1510 575 Ambigua
1523 533 1578 564 eii,
1589 527 1688 562 fateor
1698 529 1981 576 illiusiignificatio
1994 542 2028 563 a·

314 590 382 626 Dei
392 589 491 624 virtus
500 587 532 621 in
544 586 703 621 miraculis
711 607 721 623 ‚
733 596 799 631 quae
809 584 871 617 illis
882 581 916 615 iit
925 592 997 625 vere
1008 578 1148 623 sanaeque
1192 578 1258 624 pud
1267 578 1417 612 Graecos:
1435 576 1486 611 sed
1497 576 1829 613 ChristumHebraite'
1838 591 1910 612 cum
1923 579 2031 614 Nico..

318 637 474 674 defirinae
487 648 551 670 non
571 633 744 681 spernenda
755 629 956 678 approbatio,
978 627 1027 661 bic
1039 626 1153 659 Paulus
1199 627 1296 659 demo
1310 626 1480 674 loquutum
1492 622 1552 658 effe
1564 623 1688 659 scimus-
1712 628 1814 660 Porro
1829 627 1893 660 illic
1903 627 2029 673 ampln.

164 707 182 722 ι
191 701 236 722 car.
245 704 271 722 ιι.
282 699 305 721 a.
343 687 476 721 loriatur
493 682 718 729 Apostolatum
736 678 823 713 suum
835 677 929 724 signis
940 681 970 711 &
983 672 1154 708 virtutibus
1200 672 1340 720 bologiae
1350 676 1439 709 locus
1450 685 1516 707 non
1526 671 1638 711 fuisset,
1649 685 1707 720 qua
1719 674 1868 720 deceptus
1885 676 2029 710 Nicode.

163 739 196 756 ¹²·
318 734 471 771 sancitum
483 729 579 766 fuiise.
588 730 676 776 Ergo
687 738 847 773 vtcunque
858 729 891 759 in
901 724 1042 759 tenebris
1052 721 1080 755 se
1093 735 1152 769 pro
1201 735 1283 760 mus,
1294 724 1326 755 in
1337 719 1470 757 secunda
1484 721 1583 756 carnis
1593 721 1756 755 natiuitate
1774 723 1934 768 pueriliter
1945 718 2033 758 harsi-

319 783 386 820 Dei
397 781 484 816 simia
494 780 588 813 iactet
599 775 759 814 batamvbi
771 786 877 809 tamen
887 773 986 820 aperti
997 769 1067 805 sunt
1077 782 1153 805 ocu·
1199 781 1255 804 tat.
1273 770 1367 805 Nihil
1386 783 1464 818 ergo
1476 770 1561 805 aliud
1582 770 1728 816 concepit
1737 781 1774 803 ex
1783 770 2034 807 Christi‘sermo-

319 832 445 871 li‚&lux
456 826 620 873 spiritualis
631 824 804 870 prudentiae
813 820 944 870 affulget
966 843 977 860 ‚
1001 819 1153 854 miracula
1201 820 1351 866 nequam
1363 819 1534 853 hominem
1543 818 1663 853 rursum
1675 815 1757 852 nasci
1775 830 1937 865 oportere,
1947 831 2035 855 ante-

318 883 382 915 Dei
395 875 582 923 presentiam
594 874 719 920 qualem
729 871 780 906 hic
789 869 1153 919 praedic-atNicodemus,
1202 880 1297 915 quam
1309 868 1341 901 in
1352 880 1454 916 regno
1468 867 1531 903 Dei
1543 865 1717 903 censeatur.

319 925 390 962 satis
400 925 499 959 solide
513 923 675 958 testantur.
1235 927 1260 962 4
1295 915 1453 963 Quomodo
1466 916 1560 965 potest
1581 915 1663 950 homo
1686 914 1801 957 nafii.)
1822 913 1966 948 Tametsi
1985 915 2037 948 lo-

352 987 366 1021 3
403 975 505 1009 Amen
521 966 890 1013 ame⁷1d1cotibi.)Qod
909 965 960 999 bis
977 977 1091 1000 vocem
1101 965 1151 998 A-
1200 965 1320 1012 quendi
1338 964 1441 999 forma
1460 987 1470 1003 ,
1495 977 1554 1012 qua
1565 962 1634 998 vsus
1644 963 1688 998 est
1698 961 1854 1001 Christus,
1866 965 1897 996 in
1910 967 1995 1010 Lege
2006 967 2039 997 &

318 1037 385 1058 men
395 1021 510 1067 repetit
522 1018 668 1055 Christus
677 1042 686 1055 ‚
696 1018 728 1052 id
737 1016 811 1051 facit
820 1015 989 1050 excitandae
999 1013 1151 1048 attentio-
1199 1013 1369 1058 Prophetis
1382 1012 1516 1059 expressa
1527 1026 1593 1047 non
1610 1025 1675 1046 erat
1694 1035 1705 1051 ,
1744 1023 1843 1059 quum
1855 1024 1959 1046 tamen
1969 1010 2038 1058 pas-

316 1073 366 1106 nis
377 1069 474 1106 cansa.
513 1081 585 1102 nam
605 1069 644 1102 de
661 1079 694 1100 re
711 1065 860 1101 omnium
882 1062 1017 1096 maxime
1034 1061 1153 1096 seria&
1202 1060 1258 1094 sim
1270 1073 1303 1094 in
1325 1063 1483 1107 Scriptura
1501 1062 1722 1096 renouationis
1736 1062 1862 1095 mentio
1880 1071 2038 1099 occurrat,

318 1122 405 1167 graui
424 1118 520 1152 verba
536 1115 670 1150 faC‘turus
696 1137 706 1153 ‚
733 1112 853 1148 necesse
870 1111 982 1144 habuit
1006 1110 1153 1144 Nicode-
1202 1107 1303 1154 sitque
1322 1121 1418 1143 vnum
1440 1123 1475 1144 ex
1495 1110 1606 1156 primis
1617 1109 1691 1143 fidei
1702 1108 1905 1148 rudimentis,
1915 1109 2038 1148 constat
2076 1124 2078 1126 ·

296 1185 301 1189 ⁹
318 1181 406 1202 inum
419 1167 519 1213 magis
529 1176 688 1199 attentum
701 1158 1033 1207 reddere‚quialioqui
1046 1169 1153 1191 totum
1202 1157 1296 1202 quam
1315 1155 1499 1192 infoeliciter
1516 1158 1630 1193 Scribae
1657 1169 1732 1191 tunc
1750 1157 1783 1191 in
1800 1157 1965 1203 Scripturae
1989 1157 2036 1190 le-

315 1215 402 1250 hunc
412 1213 591 1249 sermonem
611 1211 784 1258 negleffim
801 1212 851 1242 aut
864 1207 977 1241 leuiter
986 1204 1153 1253 praeteriis—
1201 1206 1312 1239 &ione
1323 1206 1431 1240 versati
1447 1206 1516 1240 sint.
1540 1207 1620 1241 Non
1630 1203 1688 1238 fuit
1699 1206 1784 1240 certe
1793 1205 1885 1239 vnius
1892 1205 2038 1240 hominis

317 1264 438 1298 set.huc
457 1274 534 1309 ergo
549 1260 666 1308 spetfhat
684 1260 795 1304 duplex
813 1254 1008 1290 affcueratio.
1048 1256 1152 1289 Caete-
1202 1253 1344 1291 vitinus,
1362 1253 1482 1289 nescire
1499 1255 1577 1300 quid
1590 1253 1654 1287 'sibi
1673 1254 1768 1288 vellet
1783 1255 2037 1301 regenerationis

319 1325 391 1346 rum
402 1323 583 1359 quanquam
602 1308 699 1353 longe
710 1304 978 1352 petitus&prope
992 1304 1152 1348 intempe-
1178 1344 1181 1345 ⁷
1202 1302 1299 1349 gratia
1313 1315 1321 1334 ε
1334 1300 1382 1336 sed
1393 1315 1493 1350 quum
1510 1304 1544 1336 in
1563 1300 1688 1336 friuolis
1706 1303 1837 1348 argutiis
1854 1300 1882 1335 se
1901 1314 2039 1347 occupa.

317 1360 414 1395 stiuus
425 1360 546 1392 videtur
562 1356 614 1390 hic
632 1354 734 1390 sermo
760 1378 769 1393 ,
795 1351 951 1398 aptissime
961 1363 1065 1390 tamen
1078 1351 1153 1385 inde
1203 1361 1274 1384 rent
1285 1349 1348 1384 sere
1356 1352 1596 1398 ornnes‚>quod
1609 1350 1640 1384 in
1652 1351 1778 1395 pietatis
1798 1351 1945 1385 doctrina
1960 1362 2040 1396 prae—

318 1407 444 1443 exorsus
457 1405 502 1441 est
512 1403 671 1440 Christus.
707 1405 795 1439 Nam
806 1401 895 1436 sicuti
909 1397 1018 1435 frustra
1029 1401 1062 1433 in
1075 1411 1152 1446 agro
1203 1400 1332 1445 cipnum
1343 1397 1386 1433 est
1396 1397 1843 1447 negligebatur.Q*alehodie
1858 1399 2040 1445 exemplum

316 1457 440 1492 inculto
452 1454 557 1489 semen
571 1452 798 1501 spargitur‚ita
815 1450 910 1484 etiam
921 1460 1042 1483 temere
1053 1447 1155 1493 proii-
1203 1450 1336 1494 Papatus
1357 1448 1391 1481 in
1412 1448 1473 1482 suis
1498 1447 1663 1495 theologis
1680 1445 1778 1481 nobis
1803 1447 1930 1492 praebet.
1967 1459 2042 1481 narn

316 1506 397 1540 citur
408 1502 574 1550 Euangelij
585 1497 817 1537 doetrina,nisi
834 1499 920 1545 prius
932 1497 1074 1531 subseliis
1089 1494 1154 1529 fue·
1205 1508 1302 1542 quum
1321 1505 1389 1529 tota
1406 1496 1469 1529 vita
1487 1494 1517 1529 se
1535 1497 1568 1529 in
1578 1495 1756 1530 reconditis
1773 1493 2042 1541 speculationibus

316 1553 359 1588 rit
371 1553 496 1587 auditor
521 1574 539 1590 ,i
556 1555 587 1586 δι
604 1550 664 1584 rite
674 1549 711 1582 ad
721 1547 940 1582 obedientiam
960 1558 993 1578 ac
1005 1545 1155 1578 docilita-
1202 1542 1337 1591 fatigent
1347 1565 1357 1581 ,
1375 1544 1529 1590 quicquid
1537 1544 1671 1590 proprie
1680 1547 1718 1579 ad
1731 1543 1849 1578 cultum
1860 1544 1938 1581 Dei,
1949 1546 1986 1577 ad
1997 1543 2043 1577 sa-

315 1607 382 1636 t'ern
401 1598 614 1647 compositus*
644 1596 784 1632 Videbat
802 1593 950 1629 Christus
967 1592 1076 1626 multis
1098 1590 1155 1637 spi·
1204 1591 1402 1626 lutisnostrae
1411 1591 1615 1632 fiduciamnd
1626 1593 1750 1637 pietatis
1761 1592 1908 1625 exercitia
1919 1592 2038 1636 spectat

317 1650 366 1685 nis
375 1647 526 1684 refertum
547 1641 1017 1682 Nicodemianimum,multis
1034 1639 1156 1674 vitiosis
1204 1639 1308 1674 nihilo
1326 1639 1388 1674 illis
1407 1641 1516 1674 notius
1537 1640 1589 1674 este
1602 1653 1695 1686 quan·
1713 1638 1811 1674 sutori
1830 1641 1877 1674 vel
1896 1639 2039 1674 bubulco

317 1698 426 1732 herbis
436 1694 640 1743 praefocaturn
651 1716 662 1732 ,
672 1702 706 1726 vt
717 1693 769 1728 vix
780 1690 932 1737 spirituali
943 1689 1096 1724 doctrinae
1106 1689 1155 1722 vl-
1203 1687 1360 1723 astrorum
1387 1687 1508 1723 cursus:
1527 1688 1596 1723 imo
1605 1688 1663 1722 sibi
1676 1689 1707 1721 in
1732 1687 1865 1722 exoticis
1884 1687 2040 1734 mysteriis

315 1748 364 1792 lus
373 1745 446 1781 esset
456 1746 558 1779 locus.
592 1743 670 1777 Haec
688 1741 785 1788 igitur
794 1738 976 1778 exhort-itio*
985 1761 994 1775 ‚
1005 1736 1156 1770 arationis
1205 1737 1366 1783 placentes
1374 1760 1385 1773 ,
1395 1738 1568 1783 genuinam
1585 1736 1747 1783 Scriptura:
1757 1735 2040 1783 dominun-,quisi

316 1794 411 1829 instar
423 1792 480 1828 fuit
496 1791 534 1826 ad
546 1803 617 1825 eurn
628 1789 840 1838 purgandum,
859 1799 898 1820 ne
910 1786 987 1832 quid
1003 1785 1157 1819 doctrinae
1205 1783 1374 1831 magistrali
1385 1785 1481 1832 gradu
1492 1786 1676 1831 indignam,
1689 1798 1723 1818 ex
1743 1782 1880 1830 professo
1890 1796 2040 1818 contem-

315 1841 497 1891 proserstum
518 1840 697 1885 impediret.
733 1841 843 1883 Qre
860 1833 1158 1869 meminerimusita
1206 1845 1296 1867 nunt.
1313 1834 1394 1867 Non
1412 1832 1457 1867 est
1467 1846 1545 1881 ergo
1555 1833 1644 1880 quod
1655 1845 1807 1867 miremur
1816 1833 2041 1868 Nicodemum

317 1891 414 1925 semel
434 1889 490 1923 vni
508 1888 571 1922 hoc
593 1882 680 1921 fniss'e
697 1885 819 1920 dietum
838 1893 872 1919 vt
881 1883 991 1917 eadem
1010 1881 1158 1928 quotidie
1206 1879 1257 1915 hic
1278 1881 1364 1916 velut
1380 1881 1418 1914 ad
1441 1878 1591 1916 festucam
1610 1882 1797 1929 impingere.
1810 1880 1854 1915 est
1872 1881 1958 1915 enim
1976 1881 2042 1915 haec

317 1951 399 1974 voce
410 1950 469 1971 nos
488 1947 603 1969 omnes
626 1935 722 1968 Filius
735 1932 796 1967 Dei
808 1931 991 1977 compellet·
1031 1929 1114 1970 Quis
1123 1942 1158 1963 e-
1205 1928 1283 1963 insta
1294 1929 1357 1963 Dei
1368 1929 1448 1962 vitio
1461 1939 1511 1968 ‚vt
1525 1929 1581 1975 qui
1592 1927 1648 1961 sibi
1658 1928 1902 1974 praestantissimi
1913 1942 1949 1962 ac
1960 1928 2045 1963 sum-

315 1987 384 2021 nim
403 1982 548 2019 nostrum
563 1982 667 2029 prauis
683 1979 851 2015 affe&ibus
867 1991 1002 2015 vacuum
1019 1976 1156 2018 sedicet,
1206 1977 1250 2011 nii
1269 1977 1417 2011 videntur
1431 1977 1606 2014 ἀοᾶοτοε,
1625 1976 1741 2023 quibus
1751 1975 1856 2016 sordet
1872 1988 1906 2011 ac
1917 1977 1990 2011 vilis
1999 1975 2045 2011 est

317 2046 351 2069 vt
362 2035 416 2068 tali
434 2032 625 2079 purgatione
636 2041 716 2076 opus
727 2041 793 2063 non
803 2027 916 2062 habeat
926 2029 939 2060 ?
951 2028 1040 2074 Ergo
1052 2025 1072 2059 si
1084 2037 1158 2071 pro·
1206 2025 1391 2059 communis
1407 2024 1557 2059 dochini!
1569 2023 1811 2072 {implicitasnn
1830 2024 1962 2060 minutis
1971 2025 2045 2059 arti·

315 2082 357 2117 be
377 2087 406 2117 &
426 2081 546 2115 vtiliter
565 2079 598 2112 in
618 2076 737 2113 Christi
758 2075 864 2110 schola
889 2075 1048 2121 proficere
1065 2074 1156 2113 libet,
1207 2073 1285 2108 culis
1295 2072 1533 2118 obstupescant.
1952 2073 1972 2098 θ

317 2130 392 2165 hinc
407 2128 573 2164 exordium
585 2125 687 2161 facere
706 2123 872 2159 discamus.
893 2123 1039 2170 Ntstquis
1050 2133 1159 2158 iterum
1241 2131 1258 2167 ς
1300 2121 1374 2168 Nifi
1388 2123 1454 2167 quis
1474 2121 1660 2167 natussuerit
1676 2133 1716 2156 ex
1731 2125 1856 2166 aqum.)
1873 2124 1980 2156 Locus
1991 2121 2043 2159 hi'c

316 2191 419 2214 natus.
457 2176 529 2221 Acii
547 2176 666 2210 diceret
677 2196 686 2210 ,
703 2173 856 2221 Qandiu
875 2184 942 2205 non
962 2170 1060 2205 habes
1070 2171 1158 2218 quod
1206 2169 1293 2204 varie
1322 2169 1482 2216 expositus
1512 2169 1581 2204 fuit.
1617 2169 1746 2216 quidam
1775 2171 1861 2204 enim
1895 2182 2043 2216 putarunt

316 2227 510 2275 praecipuum
535 2223 579 2259 est
597 2223 629 2257 in
646 2234 749 2268 regno
762 2222 840 2260 Dei,
856 2233 923 2254 non
935 2220 1027 2255 multi
1039 2219 1102 2254 hoc
1111 2217 1159 2254 fa-
1207 2218 1283 2252 duas
1309 2219 1562 2266 regenerationis
1587 2228 1690 2265 partes
1718 2218 1865 2253 distinete
1894 2219 2041 2264 exprimi,

319 2275 371 2310 cio
383 2274 472 2322 quod
493 2286 545 2307 me
561 2269 708 2317 agnoscis
724 2269 910 2315 magistrum
949 2282 957 2303 :
1008 2267 1060 2302 hic
1069 2268 1158 2303 enim
1207 2270 1240 2302 δε
1263 2266 1319 2301 sub
1337 2272 1440 2314 Aquae
1458 2267 1592 2302 nomine
1608 2266 1723 2300 veteris
1741 2266 1884 2307 hominis
1904 2266 2044 2314 abnega-

319 2323 485 2370 pgiuiusin
496 2332 631 2367 regnum
650 2318 716 2353 Dei
726 2315 880 2364 ingressus
900 2315 944 2349 est
954 2327 985 2350 vt
996 2315 1035 2349 sis
1054 2329 1158 2354 nouus
1206 2315 1333 2351 tionem
1353 2315 1457 2350 notari
1468 2327 1542 2362 :per
1557 2315 1711 2360 Spiritum
1726 2315 2042 2350 verointellexerunt

320 2368 435 2406 homo.
452 2368 618 2412 Qoniam
638 2377 742 2400 autern
753 2363 886 2411 insignis
897 2362 941 2397 est
955 2363 1019 2396 hacc
1029 2362 1158 2397 senten-
1206 2375 1325 2397 nouam
1336 2364 1515 2406 vitam.Alij
1528 2366 1653 2398 tacitam
1663 2363 1831 2398 antithesin
1856 2362 1973 2404 subesse
1983 2376 2042 2410 pu-

321 2420 364 2454 tia
375 2442 385 2457 ‚
407 2417 540 2466 fingulas
555 2426 660 2462 partes
679 2412 810 2459 propius
827 2422 972 2445 excutere
993 2411 1158 2445 conuenit.
1207 2412 1373 2456 tnnt›quafi
1386 2415 1510 2457 Aquam
1523 2412 1716 2457 &Spiritum
1729 2416 1814 2457 (pura
1827 2411 1947 2446 scilicet
1957 2426 1992 2446 ac
2002 2412 2043 2446 li-

320 2467 442 2503 Videre
451 2477 572 2512 regnum
583 2463 653 2498 Dei
674 2461 760 2496 idem
771 2460 853 2494 valet
870 2470 904 2492 ac
924 2457 1054 2503 ingredi
1065 2457 1097 2491 in
1108 2469 1159 2491 re·
1208 2458 1302 2502 quida
1311 2458 1632 2498 elementa)Claristus
1643 2460 1780 2493 terrestri
1791 2465 1819 2495 ἃ·
1834 2459 1927 2506 crasse
1937 2461 2043 2494 homi-

322 2528 422 2563 gnum
434 2515 501 2549 Dei
521 2527 529 2547 ε
548 2511 636 2546 sicuti
648 2523 724 2544 mox
734 2507 854 2556 patebit
864 2519 899 2541 ex
911 2516 1074 2540 contextu.
1099 2505 1160 2540 Sed
1208 2516 1285 2538 num
1297 2515 1413 2538 naturae
1424 2509 1627 2550 opponat.1ta
1637 2508 1809 2553 allegorice
1829 2508 1893 2541 hoc
1903 2509 2042 2554 accipifit

319 2565 470 2600 falluntur
479 2562 533 2611 qui
543 2562 643 2607 regnt'i
657 2557 719 2592 Dei
734 2569 792 2604 pro
805 2556 881 2590 caelo
891 2553 1159 2600 accipiuntzquum
1207 2552 1341 2590 diffisum,
1352 2551 1435 2599 quasi
1446 2552 1570 2587 iuberet
1590 2552 1736 2587 Christus
1745 2567 1807 2589 nos
1819 2567 1948 2601 grauem
1959 2561 1989 2590 &
2001 2569 2036 2589 o.

320 2612 428 2660 potius
439 2609 594 2656 spirituale
605 2608 702 2644 vitam
713 2603 869 2653 significet
878 2626 886 2640 ‚
900 2614 968 2649 quae
979 2601 1042 2636 fide
1051 2601 1084 2635 in
1095 2600 1160 2635 hoc
1207 2599 1353 2635 nerosam
1374 2602 1476 2635 carnis
1486 2599 1611 2635 massam
1623 2611 1736 2636 exuere
1747 2623 1757 2640 ‚
1779 2607 1810 2636 δι
1830 2602 1901 2636 fieri
1911 2614 1998 2650 aquae
2007 2607 2040 2638 &

321 2660 445 2696 mundo
456 2653 802 2702 inchoatur,magisque
812 2654 845 2686 in
857 2652 925 2686 dies
932 2649 1096 2688 adolescit,
1111 2648 1160 2684 se-
1208 2649 1289 2683 aeris
1299 2648 1462 2688 fimiles,vt
1472 2647 1588 2683 sursum
1600 2650 1779 2688 tendamus,
1789 2652 1839 2684 vel
1853 2645 1959 2684 saltem
1970 2641 2042 2685 nors

321 2709 461 2745 cundum
480 2705 617 2742 affiduos
636 2703 712 2738 fidei
728 2699 918 2749 progressus.
934 2702 981 2733 Ita
992 2696 1095 2732 sensus
1105 2697 1160 2734 est»
1207 2696 1250 2730 ita
1260 2697 1470 2745 degrauemur
1481 2698 1514 2731 in
1526 2698 1717 2733 terram.Sed
1726 2709 1858 2744 Vtraque
1867 2698 1982 2744 opinio
1994 2698 2040 2733 mi

320 2757 487 2792 neminem
507 2755 582 2789 vere
602 2751 768 2799 aggregari
782 2751 815 2784 in
833 2747 1008 2784 Ecclesiam
1018 2745 1115 2793 posse,
1124 2757 1159 2781 vt
1207 2744 1240 2779 hi
1251 2745 1353 2780 aliena
1363 2745 1488 2780 videtur
1497 2745 1513 2781 ὲ
1522 2745 1644 2781 Christi
1657 2757 1775 2781 mente.
1792 2746 2041 2793 Chrysostomus

320 2805 483 2841 censeatur
502 2804 585 2837 inter
595 2801 660 2836 Dei
672 2799 758 2835 filios
767 2821 778 2837 ,
796 2798 874 2845 quin
895 2796 982 2843 prius
991 2805 1159 2830 renouatus
1207 2793 1274 2836 (cui
1290 2794 1393 2828 maior
1408 2805 1477 2835 pars
1487 2793 1653 2829 subscribit
1664 2797 1684 2836 )
1695 2797 1794 2842 Aquae
1802 2807 1922 2829 nomen
1932 2795 1970 2829 ad
1979 2796 2056 2830 Ba-·

322 2852 481 2898 sitJtaque
491 2851 632 2887 breuiter
644 2847 693 2883 hic
705 2847 882 2883 ostenditur
903 2845 996 2893 quale
1015 2843 1050 2877 sit
1060 2842 1159 2878 Chri·
1206 2841 1358 2887 ptismum
1367 2842 1518 2877 refert.ita
1529 2842 1546 2876 s
1562 2841 1634 2877 nsus
1658 2841 1733 2878 esset
1741 2856 1801 2877 nos
1809 2855 1865 2891 per
1875 2843 2038 2889 Baptismt'a

321 2900 471 2935 stianisnti
482 2900 623 2935 initium.
661 2899 771 2944 Atque
791 2893 1056 2939 hacloquutione
1069 2890 1159 2925 simul
1206 2890 1331 2936 ingredi
1341 2890 1373 2924 in
1384 2902 1518 2938 regnum
1529 2855 1684 2980 &hquia
1693 2891 1760 2926 illie
1769 2903 1829 2930 nos
1837 2891 2039 2937 SpiritusDei

322 2949 474 2983 docemur
487 2975 496 2986 ,
518 2948 620 2982 exules
635 2958 694 2979 nos
713 2959 747 2980 ac
757 2942 884 2990 prorsus
896 2942 1020 2977 alienos
1031 2939 1047 2974 ἆ
1057 2952 1158 2987 regno
1206 2949 1382 2986 regenerat.
1421 2939 1510 2973 Hinc
1519 2937 1546 2972 fa
1583 2953 1636 2976 um
1648 2939 1692 2975 est
1701 2951 1734 2976 vt
1752 2938 1874 2986 praecisa
1884 2937 2037 2985 Baptismi

321 2997 387 3039 Dei
401 2995 499 3033 nasci‘,
515 3009 548 3029 ac
560 2997 713 3041 perpetui]
728 2992 824 3027 nobis
835 3004 906 3026 cum
917 2989 983 3035 ipso
995 2986 1158 3023 dissidium
1206 2985 1372 3021 necessitas
1383 2986 1568 3021 statueretur
1578 2986 1614 3040 :id
1625 2986 1710 3034 spem
1721 2988 1792 3024 vitae
1800 2988 2037 3035 aetcrnae.Atqui

321 3043 502 3081 effe,d0nec
513 3044 591 3077 alios
609 3042 739 3077 secunda
754 3041 899 3089 genitura
913 3051 974 3072 nos
984 3037 1157 3072 faciat.Ge-
1207 3035 1301 3070 etiam
1313 3034 1334 3068 si
1353 3035 1464 3070 demus
1474 3035 1638 3074 Christum
1648 3034 1700 3071 hic
1712 3036 1803 3081 loqui
1813 3036 1852 3068 de
1861 3034 2035 3080 Baptismo,

322 3090 531 3128 neralis.n.est
542 3090 776 3136 sententiaque
787 3087 1012 3131 comple-&itur
1023 3088 1092 3119 tott'i
1103 3084 1160 3130 hu·
1205 3094 1388 3118 nontamen
1406 3083 1448 3118 sic
1463 3085 1604 3133 vrgenda
1620 3084 1689 3118 sunt
1704 3083 1801 3118 verba
1819 3094 1850 3116 vt
1861 3082 1990 3118 {inirem
2002 3084 2036 3119 in

265 3182 267 3184 Ι
321 3153 451 3177 manum
465 3151 574 3186 genus.
611 3138 641 3171 Si
653 3138 705 3172 vni
717 3138 780 3171 hoc
791 3135 913 3171 dixisset
924 3133 1071 3170 Christus
1081 3156 1090 3172 ‚
1107 3132 1158 3167 vel
1205 3141 1337 3166 externo
1348 3131 1437 3179 signo
1456 3132 1596 3167 includat
1612 3146 1620 3166 :
1643 3131 1776 3168 sedideo
1790 3133 1897 3176 potius
1911 3135 2036 3178 Aquam

318 3189 440 3241 paucis,
458 3200 523 3221 non
535 3184 620 3232 posse
631 3197 685 3219 eos
699 3186 865 3230 peruenire
875 3185 907 3217 in
919 3184 993 3218 caelt‘i
1006 3181 1062 3216 uisi
1072 3181 1158 3227 prius
1204 3179 1332 3225 Spiritui
1344 3181 1488 3227 adiungit
1497 3203 1507 3218 ‚
1518 3181 1593 3228 quia
1602 3179 1656 3215 sub
1672 3180 1728 3213 illo
1737 3177 1850 3214 visibili
1872 3178 1996 3226 symbol
2011 3194 2034 3219 ν,

255 3272 272 3276 ,,
321 3237 423 3273 renati
436 3236 552 3271 essent,
569 3231 728 3278 possemus
737 3234 875 3266 concere
895 3243 994 3265 certas
1010 3229 1158 3276 personas
1205 3239 1299 3274 quarn
1311 3228 1404 3261 Deus
1421 3229 1538 3274 Spiritu
1552 3229 1608 3264 suo
1628 3228 1698 3262 vitae
1715 3227 1890 3262 nouitatem
1904 3227 2034 3263 solusin

268 3288 279 3310 '·
321 3287 466 3319 duntaxat
480 3281 594 3317 notari:
606 3280 656 3313 sed
668 3280 707 3313 de
724 3279 876 3312 omnibus
895 3278 959 3312 sine
971 3279 1158 3325 exceptione
1203 3274 1302 3310 nobis
1312 3273 1551 3313 efficit‚testatur
1559 3288 1651 3322 atque
1660 3273 1817 3322 obsignat.
1828 3280 1949 3312 Verum
1960 3278 2034 3322 qui-

325 3330 536 3378 loquium-‚Est
547 3329 633 3364 enim
645 3326 812 3361 indefinita
824 3327 939 3363 oratio,
952 3339 1019 3372 quae
1032 3338 1157 3360 tantun·
1203 3324 1242 3358 de
1253 3322 1459 3369 est‚Baptismi
1473 3326 1618 3371 neglechi
1630 3323 1727 3358 arceri
1739 3336 1798 3358 nos
1808 3324 1824 3358 a
1835 3323 2034 3370 salutezatque

324 3380 397 3413 dem
413 3382 493 3414 valet
502 3392 535 3414 ac
553 3375 734 3411 vniuersalis
744 3399 753 3410 ‚
769 3375 965 3420 Quicunque
984 3387 1049 3409 non
1062 3373 1157 3408 fuerit
1203 3371 1266 3406 hoc
1277 3371 1361 3406 sensu
1375 3370 1577 3409 necessarium
1588 3369 1646 3407 effe
1654 3369 1820 3406 fateor.sed
1832 3372 1936 3406 salutis
1946 3372 2029 3406 fidu-

170 3430 314 3496 Ξιγνὶιοῐιΐᾌ
327 3432 523 3466 renatus‚&c.
547 3426 652 3463 Porro
663 3422 762 3460 verbo
773 3420 971 3457 Renascendi
980 3434 1047 3456 non
1058 3423 1156 3470 partis
1203 3421 1249 3456 cia
1259 3417 1439 3469 prepostere
1446 3416 1502 3454 sub
1516 3420 1606 3470 signo
1615 3418 1796 3460 includitur.
1808 3423 1941 3465 Quantfi
1952 3420 2029 3454 vero

190 3476 201 3491 ¹
1888 3471 1927 3504 ad
1941 3468 2026 3502 hunc

316 360 363 384 tio
388 371 398 384 ‚
422 360 454 380 vr
470 346 524 380 fibi
535 346 552 380 ὲ
562 344 658 392 signis
668 344 873 379 mendacibus
883 351 1011 376 caueant
1022 338 1144 375 fideles,

317 395 433 446 quibus
455 392 665 428 Antichristus
684 395 858 427 multorum
869 388 1058 435 perstringet
1067 397 1145 419 ocu-

1191 335 1356 371 necefl'atia
1369 336 1413 370 est
1421 332 1610 369 reformatio
1629 359 1639 374 ,
1655 347 1896 383 corruptionem
1907 347 2026 383 vosque

1194 382 1335 420 diffusam
1346 383 1405 419 effe
1417 394 1557 430 oportet.
1613 397 1647 416 ua
1657 385 1694 418 de
1706 397 1739 418 re
1749 387 1843 430 paulo
1852 382 1923 430 post
1933 385 2028 419 funus
