2310 3841
433 170 498 210 196
1070 159 1143 202 IN
1186 159 1388 217 ACKTA
1432 161 1711 204 APOST,

441 236 653 272 Lucasznempe
663 227 744 272 qubd
753 238 813 260 non
824 227 939 261 tantum
948 227 1075 261 abierint
1083 228 1112 260 in
1123 227 1249 261 diuersas
1256 229 1413 260 sententias
1424 251 1432 265 ,
1441 228 1488 260 sed
1498 223 1868 261 clamoribustumultuose
1877 232 2062 264 terranei-int.
2072 243 2161 276 quate

441 276 515 311 ςίισκ
529 277 591 317 plus
600 274 709 316 aliquid
719 274 804 316 quam
814 272 1020 305 diffenfionem
1030 272 1180 317 fignificat.
1226 273 1317 304 Porrb
1328 273 1416 305 docet
1427 274 1475 304 hic
1483 273 1566 304 locus
1577 294 1586 308 ,
1597 273 1668 316 quid
1678 273 1745 305 mali
1753 272 1850 305 secum
1871 272 1963 307 ferant
1972 277 2161 310 diffidia.naui

442 332 511 364 quia
520 320 664 362 originem
674 317 734 349 fere
742 318 778 349 ab
789 319 955 350 ambitione
965 319 1085 350 trahunt
1093 338 1103 353 ,
1114 319 1182 349 inde
1192 317 1330 349 homines
1339 315 1423 350 facile
1430 318 1465 349 ad
1475 327 1702 349 contentionem
1711 317 1950 360 prosiliunt‚mox
1958 325 2084 364 erumpit
2094 335 2161 365 per-

440 365 556 397 tinacia.
582 363 638 394 Vbi
647 363 684 394 eb
693 372 814 394 ventum
824 362 864 394 est
873 384 883 398 ,
892 363 958 405 quia
968 362 1143 394 neciudicio
1163 373 1217 393 nec
1234 362 1433 393 moderationi
1451 363 1534 393 locus
1545 362 1719 404 relinquitur
1730 384 1739 398 ‚
1758 362 1871 394 nullum
1892 362 1932 395 est
1942 365 2065 407 amplius
2075 368 2160 399 causae

438 408 602 441 discrimen.
639 408 700 446 Qi
713 407 833 438 Paulum
843 407 1062 443 execrabantur,
1073 407 1192 449 repente
1202 407 1349 448 incipiunt
1357 406 1413 438 effe
1424 408 1486 439 eius
1496 407 1621 448 patroni.
1649 405 1738 438 Recte
1755 408 1784 438 id
1803 407 1922 450 quidem
1934 430 1942 443 ‚
1954 408 1973 439 si
1984 411 2040 441 hoc
2049 413 2161 444 iudicio

437 453 577 485 facerent.
586 451 632 484 sed
642 454 708 494 quia
719 452 748 482 in
758 449 1077 494 Sadducaeosyferuntur,
1087 462 1190 483 eorum
1201 451 1274 483 odio
1284 450 1408 488 accensi,
1417 452 1447 482 in
1455 452 1536 483 Pauli
1546 452 1626 483 causa
1635 461 1792 494 «recutiunt.
1817 452 1891 494 Qb
1905 455 1996 496 magis
2012 457 2160 489 cauendus

441 499 530 529 nobis
542 497 581 529 est
593 506 755 539 pugnarum
764 495 926 538 feruor‚qui
939 498 1037 528 omnia
1047 496 1269 538 perturbatione
1280 495 1389 527 miscet.

486 543 518 578 Q
530 555 546 573 v
558 555 575 572 o
591 553 610 572 D
625 541 642 571 si
651 541 797 581 Spiritus.)
808 543 873 571 Hoc
882 542 919 572 de
931 542 1039 582 Spiritu
1049 541 1144 572 sancto
1156 540 1232 571 haud
1243 539 1333 571 dubie
1343 539 1448 581 exponi
1461 539 1561 572 debet.
1578 538 1724 572 Caetertlm
1736 538 1811 571 nihil
1823 540 1868 571 vel
1880 542 1972 585 magis
1981 543 2028 585 pie
2039 544 2085 576 vel
2097 556 2160 577 mo.

439 586 547 618 dellius
558 587 615 617 dici
625 585 730 627 potuit.
744 595 809 616 nam
819 584 945 617 simulac
954 585 1118 617 dostrinam
1130 585 1256 627 aliquam
1267 584 1283 615 ὲ
1294 585 1362 615 caelo
1373 583 1533 626 profectam
1543 583 1598 617 effe
1609 586 1732 620 constat,
1743 584 1834 626 impie
1842 587 1909 617 Deo
1919 591 2162 632 repugnant,qui—

438 641 556 673 cunque
567 641 627 661 non
638 641 701 662 eam
712 629 935 671 amplectuntur.
950 631 1005 661 Sed
1016 631 1093 662 vnde
1102 640 1160 661 tam
1170 628 1268 661 subitb
1284 630 1394 660 Scribis
1404 628 1495 661 faetus
1505 630 1544 660 est
1561 630 1666 661 Paulus
1676 630 1733 661 Dei
1744 629 1993 673 Propheta,quem
2002 632 2057 664 suis
2067 635 2160 665 mani-

441 675 641 708 busoccidere
650 676 737 716 parati
747 673 874 706 fuiffent:
884 685 972 716 quem
985 675 1033 706 suo
1044 674 1212 717 praeiudicio
1222 673 1448 711 damnauerant,
1458 674 1554 704 donec
1565 674 1661 706 exarsit
1673 685 1739 705 cum
1749 673 1896 706 Pharisaeis
1905 677 2159 710 diffidiummorib

438 718 520 752 ficuti
532 720 585 751 hac
594 730 668 751 voce
677 718 753 761 quasi
765 721 883 760 proprio
893 718 1026 761 gladiose
1036 720 1201 763 iugularunt
1211 731 1217 749 :
1229 720 1267 748 ita
1278 729 1330 749 eos
1340 719 1427 749 nobis
1438 720 1600 750 monitores
1610 716 1665 750 effe
1676 720 1759 749 Deus
1768 717 1872 753 voluit,
1889 730 1926 751 ne
1935 721 2066 762 profecta
2076 723 2092 754 ὲ
2105 735 2158 755 cae.

441 763 476 795 lis
484 765 598 796 oracula
607 763 780 806 spernamus.
804 763 924 796 Rursum
936 774 1033 795 tamen
1043 765 1177 796 videmus
1186 762 1332 804 suspensos
1342 764 1512 804 harrere,qui
1523 762 1595 794 scrib
1605 766 1639 794 ad
1647 762 1864 794 auscultandum
1875 765 1930 795 Dei
1941 765 2104 800 sermonem
2115 779 2157 801 at.

439 811 513 841 tenti
524 820 583 840 non
593 808 664 840 sunt:
675 811 707 840 δε
718 808 851 839 vacillare
860 809 977 849 quoties
984 808 1093 850 aliquid
1103 810 1130 838 in
1140 808 1268 838 medium
1278 805 1508 849 profertur‚quia
1519 808 1633 850 indigni
1642 807 1704 838 sunt
1713 809 1763 848 qui
1774 817 1881 838 certam
1892 810 2044 842 veritatem
2052 824 2155 856 appre-

437 852 578 885 hendant.
587 856 688 896 Qare
699 852 717 884 si
728 852 860 895 cupimus
872 854 979 895 Spiritu
990 853 1172 887 discretionis
1181 853 1338 894 gubernari
1348 852 1508 888 studia-,nos
1519 851 1554 883 ad
1564 852 1733 884 discendum
1747 852 1936 894 applicemus.

481 955 494 981 1
501 957 523 980 ο
567 949 595 980 E
598 955 612 980 t
619 956 719 996 quum
727 957 847 997 magna
849 942 970 994 fi’dt'tio
980 953 1087 980 coorta
1097 939 1180 996 esset,
1189 944 1322 981 veritae
1334 947 1367 979 T
1367 939 1505 980 ribumes
1517 955 1562 979 ne
1572 933 1809 995 discerperetur⁴
1817 942 1936 980 Paulus
1947 942 1988 983 ab
1996 947 2028 1000 ip
2022 940 2154 998 fis,iu]2

431 996 480 1050 sit
486 999 613 1038 milites
623 999 818 1052 descendere
830 1000 867 1044 ὁ*
879 1013 995 1052 rapere
1006 1013 1080 1039 eum
1091 1000 1132 1036 de
1147 998 1258 1037 medio
1269 999 1449 1047 illorumstc
1461 997 1624 1036 deducere
1636 1012 1712 1036 eum
1721 1001 1759 1036 in
1769 997 1881 1049 castra.

493 1067 525 1095 11
569 1060 731 1108 Sequenti
738 1067 849 1094 autem
857 1058 954 1093 ‘noeft'e
964 1055 1106 1107 asstslens
1117 1058 1147 1093 ei
1161 1057 1327 1093 Dominus
1337 1057 1490 1100 alarimo
1500 1058 1613 1092 animo
1623 1054 1686 1107 esto
1697 1056 1859 1093 Paule-vt
1867 1056 1958 1093 enim
1967 1056 2153 1110 testificatae

437 1123 474 1149 es
484 1112 526 1149 de
537 1126 590 1149 me
601 1111 891 1164 1'erofhlymc3⁴‚(2“cte
901 1120 1030 1165 oportet
1037 1118 1064 1148 R
1068 1126 1144 1150 omae
1157 1114 1259 1149 etiam
1269 1112 1444 1165 testificari.

481 1172 523 1207 η’
567 1176 646 1205 Orto
657 1181 768 1206 amem
779 1164 834 1204 dse
844 1167 1042 1221 collegerunt
1042 1166 1081 1219 ft
1092 1167 1232 1220 quidam
1242 1181 1286 1206 ex
1297 1167 1410 1211 Iudas&
1418 1196 1427 1213 ,
1440 1166 1480 1214 (7-
1489 1166 1701 1205 deuouemm
1708 1165 1748 1220 se
1759 1165 1907 1204 dicentes
1927 1180 2036 1222 neque
2047 1170 2154 1222 efi'aros

434 1220 545 1277 neque
557 1223 839 1271 btbituros,doncc
849 1223 1033 1262 occiderent
1042 1222 1193 1262 Paulum.

474 1292 505 1329 13
550 1286 658 1318 Erant
666 1292 776 1318 autem
784 1281 894 1335 plures
904 1281 1007 1333 qutim
1018 1280 1245 1335 quadraginta
1256 1282 1400 1334 viri‚qui
1412 1278 1498 1318 hanc
1506 1281 1614 1316 conius
1622 1277 1933 1330 ationemfecerant.

475 1348 517 1382 14
549 1338 627 1390 Qi
638 1333 833 1390 acceffirunt
843 1336 892 1374 ad
896 1339 1063 1391 principes
1075 1337 1290 1375 Sacerdotum
1301 1351 1338 1375 ac
1347 1334 1554 1381 scaamgi?
1568 1336 1746 1382 dixerunt,
1756 1340 1946 1374 Deuotione
1957 1334 2152 1376 deuouimus

430 1405 492 1430 ms
502 1392 584 1446 ipso's
594 1391 993 1447 nlhilgrestaturossdonec
1002 1395 1184 1432 accedamus
1196 1394 1346 1431 Paulum.

497 1461 529 1499 15
586 1455 689 1487 Nunc
706 1464 781 1504 ergo
802 1465 866 1488 vos
876 1448 1095 1503 fignrficatej
1110 1455 1144 1487 T
1145 1446 1263 1487 ribuno
1283 1449 1323 1495 ό*
1343 1447 1470 1501 confilio
1482 1477 1491 1494 ,
1511 1458 1554 1486 vt
1564 1462 1635 1487 cras·
1647 1449 1809 1502 producat
1817 1447 2147 1491 illumadvos‚tan·

430 1518 531 1558 quam
541 1505 799 1558 aliqut'dcerttms
809 1508 997 1561 cognituros
1007 1506 1084 1546 de)
1094 1520 1142 1543 eo.
1154 1512 1230 1544 Nos
1239 1503 1325 1545 verb
1331 1507 1520 1560 ptitg‘quam
1528 1508 1769 1560 appropinquet
1780 1529 1791 1546 ,
1796 1507 1911 1559 parati
1915 1505 2030 1558 summ
2040 1508 2148 1544 inter-

453 1576 522 1599 sere
533 1562 635 1600 illum.

419 1563 460 1637 fi*
482 1625 522 1657 16
563 1624 685 1671 Qum
695 1628 805 1656 autem
815 1612 1175 1669 audgffetfilimsbroeek
1186 1614 1283 1652 Pauli
1293 1613 1445 1666 infidias,
1453 1617 1556 1653 venit
1564 1613 1600 1659 0²*
1613 1615 1757 1659 intrauit
1764 1616 1803 1650 in
1812 1617 1919 1652 catera
1925 1645 1936 1662 ,
1948 1614 2144 1656 nuntiauit-

1307 1672 1318 1685 Ο

424 1686 487 1728 que
498 1675 611 1727 Paulo.

465 1774 574 1803 Iterum
587 1772 720 1803 videmus
729 1771 814 1812 quim
826 1779 907 1801 atrox
924 1768 1032 1799 malum
1045 1767 1078 1798 fit
1095 1768 1268 1803 contentio,
1287 1776 1349 1808 quae
1366 1767 1416 1798 vbi
1429 1766 1518 1798 semel
1534 1765 1687 1801 efferbuit,
1697 1775 1756 1798 tam
1767 1765 1916 1797 vlolentos
1930 1769 2021 1800 habet
2031 1779 2142 1808 motus,

421 1825 456 1846 vr
465 1817 551 1846 etiam
569 1816 777 1856 prudentissimi
797 1825 855 1844 non
867 1812 920 1844 fint
929 1812 969 1843 sui
990 1822 1156 1852 compotes.
1192 1813 1293 1847 Quare
1303 1808 1385 1843 simul
1401 1819 1488 1852 atque
1509 1813 1628 1842 initium
1648 1809 1768 1851 aliquod
1779 1809 1806 1840 se
1821 1809 1955 1842 ostendet
1965 1814 2075 1846 mature
2084 1816 2142 1846 ob-

420 1859 498 1890 uiam
510 1859 550 1890 ire
564 1859 727 1890 studeamus
737 1880 745 1892 ,
755 1869 791 1889 ne
800 1857 891 1889 serum
900 1856 1018 1889 tandem
1036 1855 1200 1887 remedium
1211 1854 1245 1888 fit
1254 1856 1283 1886 in
1293 1855 1466 1886 cohibendo
1482 1855 1582 1886 medio
1592 1854 1671 1886 cursu
1683 1855 1765 1896 :quia
1776 1854 1887 1886 nullum
1897 1856 2067 1890 incendium
2079 1870 2140 1891 tam

421 1903 555 1935 celeriter
563 1903 657 1944 serpit.
689 1902 839 1934 Tribunus
848 1912 957 1935 autem,
973 1912 1004 1932 vr
1014 1899 1164 1931 ordinatus
1171 1909 1231 1931 erat
1241 1900 1434 1942 prouidentiae
1444 1900 1500 1930 Dei
1514 1899 1642 1930 minister
1650 1898 1687 1930 ad
1696 1897 1863 1930 seruandam
1872 1900 1954 1932 Pauli
1964 1902 2068 1938 vitam,
2078 1915 2141 1936 rur-

421 1944 466 1978 sus
475 1958 540 1978 eum
552 1947 568 1979 ὲ
577 1944 710 1988 faucibus
720 1957 822 1978 mortis
832 1947 919 1987 eripit
929 1956 979 1986 pet
989 1944 1053 1977 suos
1063 1944 1179 1976 milites.
1189 1955 1255 1976 nam
1266 1943 1315 1976 etfi
1327 1956 1387 1976 non
1396 1945 1453 1976 alio
1465 1942 1654 1976 confiliotam
1664 1943 1822 1986 diligenter
1832 1941 1968 1976 succurrit
1979 1947 2139 1986 Tribunus,

422 1991 475 2023 nisi
487 2002 517 2024 vt
526 1992 674 2034 grauiores
684 1991 865 2024 tumultus&
876 1990 967 2023 caedes
979 1990 1130 2033 preueniat
1141 2001 1147 2020 2
1158 1990 1307 2021 Dominus
1325 1999 1424 2022 tamen
1447 1988 1463 2020 ὲ
1481 1988 1550 2021 caelo
1560 1987 1720 2031 ptaefidium
1734 1986 1818 2020 seruo
1827 1987 1878 2020 suo
1886 1988 2043 2026 destinans,
2051 2003 2140 2026 caecas

425 2046 527 2068 manus
537 2036 605 2068 illuc
614 2037 669 2068 diri
693 2037 724 2067 it.

475 2092 498 2111 rx
541 2083 559 2112 S
571 2091 587 2113 a
603 2091 653 2116 o,v
663 2047 713 2112 agn
726 2091 743 2111 τ
757 2090 769 2110 1
801 2089 899 2111 autem
917 2079 1039 2120 noste.)
1065 2081 1166 2112 Narrat
1182 2081 1274 2111 Lucas
1291 2077 1410 2110 oraculo
1429 2077 1632 2110 confirmatum
1649 2072 1705 2108 effe
1722 2075 1865 2112 Paulum,
1876 2086 1908 2109 vt
1916 2077 1946 2109 in
1961 2078 2049 2112 rebus
2059 2079 2136 2113 adet,

421 2125 546 2157 turbatis
564 2136 666 2157 contra
676 2123 820 2157 terribiles
839 2125 968 2166 impetus
982 2123 1107 2155 infracto
1121 2125 1221 2156 animo
1239 2124 1333 2155 staret.
1364 2123 1437 2154 Fieri
1453 2120 1601 2154 certenon
1621 2122 1718 2169 pqtuit
1735 2121 1807 2162 quin
1826 2122 1911 2153 multi
1928 2134 2053 2163 pauores
2070 2127 2134 2157 eius

419 2171 551 2201 animum
570 2169 780 2211 percellerent,
806 2170 838 2200 &
856 2168 979 2200 fimulin
991 2167 1137 2209 posterum
1154 2178 1270 2210 tempus
1284 2177 1446 2210 angeretur.
1458 2167 1704 2209 quarcoraculum
1722 2164 2058 2206 minimesuperuacuum
2067 2168 2133 2202 fuit.

415 2214 706 2257 Debebuntquidem
723 2213 887 2254 superiora,
905 2213 1011 2255 quibus
1020 2212 1188 2245 admonitus
1204 2210 1488 2244 sueratseDeocurae
1508 2209 1581 2245 effe,
1597 2208 1767 2245 sufficeread
1782 2206 1944 2257 'fouendarn
1962 2213 2024 2244 eius
2039 2212 2131 2255 spem,

417 2269 451 2288 ac
469 2257 657 2290 sustinendam
675 2257 897 2290 nelabasceret:
921 2256 969 2288 sed
986 2258 1054 2299 quia
1065 2259 1092 2289 in
1109 2268 1223 2302 magnis
1236 2257 1373 2298 periculis
1389 2266 1484 2287 nouos
1501 2253 1624 2286 subinde
1640 2263 1766 2285 terrores
1780 2254 1889 2294 ingerit
1909 2257 2013 2293 Satan,
2024 2259 2132 2299 quibus

416 2303 474 2332 Dei
492 2303 693 2343 promiffiones
709 2304 738 2334 in
750 2301 890 2334 cordibus
907 2302 1023 2343 piorum
1037 2300 1073 2337 ‚fi
1091 2302 1218 2334 obruere
1234 2300 1348 2343 prorsus
1366 2301 1486 2342 nequit,
1502 2298 1579 2340 quast
1596 2298 1712 2329 nebulis
1729 2296 1884 2330 obscuret:
1900 2309 1999 2331 earum
2017 2312 2131 2334 memo-

415 2347 488 2377 riam
507 2346 650 2378 renouori
658 2356 732 2387 opus
750 2346 808 2380 est,
825 2357 855 2377 vt
873 2346 945 2377 fides
960 2345 1046 2376 nouis
1057 2344 1173 2378 fulturis
1188 2346 1286 2378 adiuta
1299 2366 1308 2380 ,
1326 2345 1437 2377 firmius
1447 2344 1592 2376 confistat.
1625 2344 1743 2374 Summa
1757 2351 1854 2374 autem
1864 2342 1922 2379 est,
1940 2354 1970 2376 vt
1986 2346 2092 2379 Paulus
2101 2346 2130 2379 se

418 2389 600 2422 confidenter
616 2400 698 2432 gerat
722 2400 730 2419 τ
750 2390 817 2431 quia
836 2392 936 2420 Romae
953 2399 1073 2432 quoque
1092 2388 1205 2422 futurus
1221 2390 1254 2422 fit
1270 2390 1377 2420 Christi
1395 2389 1487 2420 testis.
1529 2388 1619 2428 Atqui
1644 2384 1750 2430 frigida
1773 2384 1921 2429 inanisque
1937 2388 2052 2422 videtur
2068 2392 2130 2424 haec

417 2433 589 2466 consolatio.
605 2433 659 2466 acsi
668 2434 833 2468 diceretur,
854 2436 897 2464 Ne
914 2434 1038 2467 timeas,
1061 2434 1337 2475 quialongeduriot
1353 2433 1486 2464 conditio
1496 2440 1526 2462 te
1544 2441 1653 2462 maner.
1664 2431 1747 2462 satius
1756 2431 1835 2462 enim
1853 2429 1949 2464 fuisset
1969 2432 2129 2467 secundiltn

416 2488 531 2510 carnem
544 2501 553 2515 ‚
573 2479 659 2512 semel
672 2480 765 2519 perire
775 2488 806 2508 ac
817 2477 906 2507 celeri
918 2472 1012 2508 moi-'te
1022 2475 1162 2518 defungi,
1173 2477 1258 2518 quim
1269 2478 1361 2519 longo
1379 2475 1620 2515 teinporistractu
1638 2475 1667 2505 in
1679 2474 1803 2507 vinculis
1812 2476 1969 2508 tabescere.
1979 2480 2127 2512 Dominus

412 2522 622 2555 liberationem
634 2523 743 2553 illinon
755 2521 901 2563 promittit
912 2543 920 2555 ,
931 2532 964 2552 ac
972 2531 1009 2552 ne
1017 2520 1112 2553 laetum
1122 2521 1239 2562 quidem
1250 2523 1370 2552 exitum.
1379 2518 1492 2550 tantum
1504 2519 1660 2554 molestias,
1669 2519 1776 2561 quibus
1785 2520 1841 2551 iam
1851 2520 1916 2562 plus
1925 2520 1987 2553 satis
1997 2534 2125 2565 vrgetur,

412 2568 444 2598 in
455 2567 575 2610 longum
586 2578 702 2608 tempus
713 2566 846 2598 extrahit.
878 2565 954 2597 Hinc
966 2564 1037 2597 verb
1047 2564 1150 2596 melius
1159 2565 1326 2606 colligimus
1341 2574 1479 2605 quantum
1494 2564 1523 2593 in
1541 2563 1567 2594 se
1578 2565 1722 2595 momenti
1736 2565 1843 2596 habeat
1859 2566 1923 2596 haecx
1934 2565 2040 2599 fiducia
2065 2572 2127 2600 Nos

412 2611 442 2642 i‘n
456 2613 576 2644 miseriis
596 2612 721 2642 nostrisa
738 2611 871 2641 Domino
882 2609 1000 2649 respici,
1011 2608 1080 2641 licet
1090 2619 1150 2640 non
1165 2608 1256 2640 statim
1266 2608 1301 2639 ad
1310 2618 1396 2649 opem
1409 2606 1558 2639 ferendam
1569 2618 1686 2639 manum
1702 2608 1870 2639 admoueat.
1892 2609 2042 2642 Discamus
2052 2623 2125 2654 ergo

410 2657 460 2687 vel
476 2659 506 2687 in
517 2657 652 2688 extremis
661 2655 823 2697 quibusque
835 2653 1061 2687 afflietionibus‚
1073 2654 1102 2683 in
1117 2652 1179 2685 solo
1187 2653 1242 2684 Dei
1262 2652 1355 2683 verbo
1370 2653 1569 2693 acquiescere:
1583 2662 1637 2683 nec
1654 2662 1782 2693 vnquam
1799 2652 1986 2688 deficiamus,
1996 2658 2124 2696 quandiu

408 2710 463 2731 nos
478 2702 589 2743 paterni
609 2699 648 2731 sui
668 2701 775 2731 amoris
794 2698 965 2730 testimonio
983 2697 1119 2729 viuificat.
1152 2698 1231 2739 Qia
1247 2706 1344 2728 autem
1361 2695 1464 2729 nuiice
1484 2698 1554 2728 caelo
1565 2707 1625 2727 non
1641 2697 1796 2728 mittuntur
1808 2697 1925 2727 oracula
1936 2708 2009 2733 ,nec
2019 2710 2070 2740 per
2081 2702 2123 2730 vj..

409 2743 504 2776 fiones
514 2744 727 2783 Dominusipse
735 2742 1054 2785 apparet‚meditandae
1065 2740 1127 2774 sunt
1143 2742 1398 2773 nobisinnumerae
1416 2741 1638 2782 promissiones,
1654 2740 1763 2781 quibus
1779 2739 1806 2771 se
1824 2742 2022 2783 propinquum
2032 2744 2122 2776 nobis

406 2790 550 2830 perpetui)
562 2788 623 2820 fore
633 2789 759 2820 testatur.
794 2788 822 2817 Si
833 2786 966 2828 expediat
978 2786 1124 2826 Angelum
1139 2785 1174 2817 ad
1189 2795 1242 2816 nos
1253 2783 1426 2816 descendere
1435 2806 1444 2820 ‚
1455 2785 1513 2816 hoc
1523 2786 1609 2816 etiam
1620 2783 1853 2816 confirmationis
1863 2796 1957 2827 genus
1973 2788 2123 2820 Dominus

407 2843 467 2864 non
477 2834 605 2876 negabit.
633 2837 748 2865 Interea
758 2832 807 2862 hic
819 2831 916 2861 honor
925 2830 1078 2861 habendus
1089 2830 1129 2861 est
1138 2830 1248 2865 Verbo,
1258 2839 1290 2860 vt
1301 2839 1338 2859 eo
1348 2828 1409 2859 solo
1418 2829 1562 2862 contenti,
1573 2828 1655 2871 quod
1664 2829 1751 2859 nobis
1762 2831 1909 2869 promittit
1917 2831 2120 2873 auxiliumffla.

408 2877 723 2918 tienterexpectemus.
742 2876 816 2908 adde
833 2875 913 2916 qubd
933 2873 1104 2917 quibusdam
1127 2874 1201 2906 nihil
1217 2871 1326 2915 profuit
1340 2874 1471 2915 Angelos
1490 2875 1506 2906 ὲ
1523 2873 1593 2905 caelo
1611 2871 1817 2904 miffosaudire
1834 2885 1840 2904 :
1858 2875 2005 2906 Dominus
2021 2885 2120 2908 autem

406 2930 468 2951 non
485 2921 583 2952 frustra
602 2922 709 2962 Spiritu
728 2921 777 2951 suo
786 2919 1016 2961 promissiones&
1027 2917 1053 2949 se
1065 2920 1145 2951 datas
1159 2917 1339 2950 inicordibus
1351 2916 1481 2949 fidelium
1492 2919 1637 2960 oblignat.
1657 2918 1777 2948 Interim
1788 2916 1933 2949 srcutieas
1943 2929 2000 2949 non
2010 2920 2121 2951 temere

406 2964 532 2996 inculcat
549 2977 556 2995 :
575 2965 611 2997 fic
621 2966 693 2996 fides
709 2964 803 2996 nostra
820 2964 921 2995 sedulb
934 2963 962 2994 se
980 2972 1114 2995 exerceat
1129 2963 1161 2996 in
1171 2962 1310 2996 continua
1326 2961 1439 2993 illarum
1457 2963 1668 2993 recordatione·
1684 2971 1749 2992 nam
1766 2959 1786 2990 fi
1804 2960 1891 2993 fidem
1907 2963 1988 2993 Pauli
2005 2962 2118 2996 necesse

405 3007 462 3040 fuit
478 3019 559 3039 nouo
575 3009 701 3041 subsidio
717 3011 790 3051 erigi
801 3020 809 3039 :
820 3018 909 3039 nemo
927 3004 1055 3039 nostrum
1072 3007 1113 3038 est
1129 3007 1180 3049 q'ui
1199 3010 1257 3038 non
1275 3005 1365 3046 longe
1381 3005 1654 3047 plurib'ussublidiis
1665 3005 1807 3048 indigeat,
1820 3005 1902 3038 simul
1911 3006 2064 3039 tolerantia
2073 3019 2118 3041 ar-

405 3053 516 3084 mandae
525 3051 587 3084 surii:
598 3063 723 3087 mentes,
733 3063 762 3083 vt
771 3054 878 3095 longos
888 3054 917 3084 &
927 3051 1080 3092 perplexos
1091 3051 1283 3083 molestiarum
1293 3050 1432 3081 circuitus
1439 3049 1649 3082 transcendant·
1910 3079 1911 3082 ,

461 3108 488 3127 n
524 3099 581 3127 On
596 3109 612 3127 τ
627 3110 644 3127 ο
670 3109 685 3127 Α
698 3108 716 3128 ν
727 3108 743 3127 τ
757 3108 772 3127 a
791 3109 810 3127 m
839 3107 859 3126 ο
871 3107 882 3126 1
893 3101 948 3134 ε.)
981 3098 1043 3126 Hac
1059 3095 1262 3127 circunstantia
1279 3092 1404 3124 ostendit
1421 3094 1626 3136 Lucas,quam
1639 3091 1751 3129 necesse
1766 3091 1852 3127 fuerit
1862 3092 1954 3125 Paulo
1963 3099 2115 3128 nouum&

404 3151 507 3172 recens
516 3141 583 3172 fidei
593 3142 684 3171 robur
695 3141 886 3182 colligere‚ne
894 3140 1052 3181 trepidaret
1062 3139 1090 3170 in
1102 3140 1229 3171 maximo
1238 3137 1374 3170 &subito
1384 3138 1626 3171 discrimine-nam
1638 3137 1674 3169 de
1684 3148 1743 3169 tarn
1755 3138 1904 3179 desperato
1915 3137 2039 3171 hostium
2049 3140 2116 3172 suo-

402 3195 467 3216 tum
478 3183 574 3216 furore
582 3183 835 3219 admonitus‚nihil
846 3184 968 3215 statuere
976 3183 1053 3214 aliud
1065 3184 1174 3225 potuit,
1183 3182 1270 3225 quam
1279 3181 1343 3213 ιξὶῡ
1352 3179 1409 3212 effe
1416 3183 1452 3213 de
1462 3183 1522 3214 vita
1533 3182 1587 3213 sua.
1604 3183 1737 3213 Deuotio
1748 3182 1902 3217 haec,cuius
1912 3184 2046 3215 meminit
2055 3188 2112 3216 Lu.

403 3239 462 3264 cas,
471 3227 578 3271 species
587 3227 642 3259 fuit
651 3227 852 3259 anathematis.
862 3228 952 3258 Causa
963 3227 1133 3259 deuotionis
1143 3237 1215 3263 erat,
1226 3237 1262 3258 ne
1271 3224 1421 3257 confilium
1432 3236 1542 3257 mutare
1551 3224 1594 3256 fas
1604 3224 1684 3259 esset,
1692 3225 1737 3257 vel
1748 3226 1900 3258 retractare
1914 3228 1998 3267 ‚quod
2007 3229 2112 3260 condi.

401 3281 509 3305 xerant.
519 3272 620 3304 subest
629 3271 749 3314 quidem
761 3271 909 3312 semperin
920 3271 1106 3303 iureiurando
1115 3273 1202 3303 tacita
1218 3268 1374 3301 execratio.
1404 3269 1432 3299 Si
1443 3272 1506 3310 quis
1515 3269 1594 3300 fallat
1611 3270 1658 3301 vel
1677 3268 1846 3310 peieret:sed
1859 3271 2004 3302 interdum
2014 3272 2074 3312 qub
2084 3272 2111 3304 se

400 3318 492 3355 magis
501 3317 683 3358 obstringant
692 3316 839 3348 homines.
850 3325 942 3346 certas
950 3315 1140 3346 anathematis
1149 3314 1256 3346 formas
1265 3312 1483 3353 concipiunn&
1492 3314 1586 3354 capita
1594 3313 1639 3344 sua
1648 3313 1718 3344 diris
1728 3313 1957 3354 deuouent‚quae
1965 3315 2109 3348 incutiant

400 3357 547 3390 insolitum
557 3371 711 3393 terrorem.
721 3358 865 3391 Caetertlm
875 3358 964 3391 docet
975 3359 1034 3390 haec
1051 3360 1167 3390 historia
1178 3377 1188 3392 ,
1198 3358 1293 3389 zelum
1312 3357 1349 3388 ita
1360 3355 1571 3396 sanguinarium
1584 3355 1639 3388 effe
1657 3359 1687 3387 in
1703 3357 1865 3397 hypocritis
1877 3378 1886 3393 ‚
1904 3367 1935 3388 vt
1951 3367 2010 3388 non
2021 3370 2105 3400 repu.

400 3411 466 3433 tent
483 3404 552 3443 quid
563 3404 614 3436 sibi
626 3404 725 3435 liceat:
737 3404 782 3434 sed
793 3412 969 3445 quocunque
978 3403 1076 3434 tulerit
1086 3403 1182 3433 libido
1193 3424 1202 3437 ‚
1213 3400 1310 3433 secure
1319 3401 1485 3442 prouolenr.
1507 3403 1619 3431 Demus
1637 3400 1755 3432 Paulum
1772 3399 1937 3432 sceleratum
1956 3401 2039 3434 fuiffe
2053 3405 2108 3434 ho-

399 3446 508 3477 minem
519 3464 528 3479 ‚
542 3448 572 3477 δι
583 3457 677 3479 morte
692 3447 906 3489 dignum2quis
925 3456 1019 3477 tamen
1040 3447 1159 3485 priuatis
1179 3446 1216 3477 de
1225 3456 1261 3476 eo
1280 3454 1384 3485 poenas
1399 3446 1508 3475 lumere
1520 3444 1702 3485 permiserat?
1718 3447 1778 3475 Iam
1789 3444 1807 3475 fi
1822 3447 1887 3486 quis
1904 3444 2104 3486 rogasset,cur

399 3498 551 3532 tantopere
559 3490 683 3523 odissent
690 3489 825 3528 Paulum,
835 3490 865 3522 iii
875 3500 1014 3533 promptu
1022 3491 1142 3538 quidem
1152 3499 1212 3523 erat
1220 3486 1446 3531 responfiozquia
1454 3490 1579 3530 apostata
1588 3486 1655 3520 effet
1664 3498 1697 3520 ac
1705 3487 1959 3522 schismaticuszsed
1968 3491 2055 3564 huin?
2063 3492 2101 3565 κλει·

726 3542 729 3550 .
2021 3538 2032 3565 1
2047 3545 2062 3565 u
2077 3544 2104 3568 ta
