2310 3841
434 200 467 229 34
509 182 570 217 Iam
581 189 673 216 narrat
681 184 773 215 Lucas
783 180 909 225 qualiter
916 182 1066 215 Dominus
1075 180 1158 213 illum
1170 180 1328 224 impiorum
1335 181 1465 214 furorem
1477 180 1664 224 diffipauerit.
1687 179 1847 213 Habebam
1859 179 1886 210 in
1898 177 1998 212 :inimo
2015 178 2128 211 interii·

391 243 461 265 cere
470 229 797 272 Apostolos:Garnaliel
809 225 834 258 se
845 226 975 258 medium
987 227 1169 268 interponit,
1181 224 1440 258 vtinsanamillam'
1448 226 1694 259 consultationem
1714 228 1879 266 abrumpat.
1902 223 1996 255 Porro
2012 223 2129 255 circun-

394 276 512 308 stantias
522 283 606 306 notat
617 295 624 309 ,
636 283 666 303 vt
677 272 799 303 sciamus
808 270 963 313 quomodo
975 281 1088 302 tantum
1101 272 1145 303 vir
1155 281 1230 301 vnus
1240 273 1368 311 potuerit
1377 282 1479 303 contra
1499 271 1621 303 multos.
1643 271 1726 302 Dicit
1743 269 1824 301 fuisse
1847 282 1861 299 i>
1870 278 1889 298 ii
1897 280 1987 300 anisa.
1996 279 2037 298 vu
2049 277 2130 308 ,τινα

393 321 468 352 sesto
479 320 579 350 eratin
591 319 727 359 precipua
736 316 927 346 aestimatione
936 337 945 351 ‚
955 326 987 347 vt
997 315 1112 347 scimus.
1133 311 1215 346 Dicit
1226 313 1308 346 fuisse
1319 324 1352 347 rii
1364 317 1461 357 pretio
1472 317 1548 358 apud
1561 317 1705 357 populum
1716 316 1878 347 :illiautem
1891 315 2033 355 populum
2043 323 2130 343 time-

394 365 478 396 bant.
503 364 582 394 Hinc
592 362 636 398 fit,
649 373 679 393 vt
689 371 790 393 contra
802 362 864 390 eius
875 359 1049 392 sententiam
1059 361 1156 391 minus
1165 360 1300 399 audeant.
1321 363 1366 391 lta
1375 360 1538 403 plerunque
1554 363 1638 391 Deus
1655 360 1766 391 subitos
1776 369 1903 391 terrores
1921 368 1955 388 ex
1972 358 2130 399 inopinato

393 408 529 439 hostibus
541 407 595 439 suis
603 407 730 449 opponit
744 427 753 441 ,
763 405 799 435 ad
810 403 961 436 fistendam
971 415 1073 436 eorum
1086 404 1270 435 violentiam.
1294 404 1389 437 Porrb
1397 421 1406 438 2
1415 406 1496 436 iubet
1505 404 1649 437 Gamaliel
1658 405 1819 447 Apostolos
1831 403 1964 433 secedere
1973 423 1981 434 ‚
1991 413 2027 432 ne
2037 411 2131 432 maio-

394 464 457 485 rem
468 462 504 483 ex
512 452 611 483 verbis
620 451 675 482 suis
684 449 834 481 audaciam
845 449 1026 490 concipiant.
1049 452 1156 491 Neque
1165 450 1244 480 enim
1257 448 1414 481 vetifimiie
1433 451 1491 486 est,
1501 452 1571 480 idco
1590 447 1627 480 sic
1645 448 1802 490 loquutum
1819 447 1874 478 esse
1887 447 1971 488 ‚quia
1989 447 2131 488 probaret

393 494 796 539 Euangelijdostrinam,vel
807 494 870 525 eius
880 494 1080 536 patrocinium
1091 493 1232 535 suscipere
1241 493 1405 524 velletzsed
1416 496 1484 536 quia
1502 494 1576 525 alios
1592 502 1698 524 omnes
1714 493 1795 524 videt
1814 493 1897 523 rabie
1914 492 2068 524 accensos,
2085 492 2131 522 vir

396 542 543 573 humanus
553 543 583 572 δι
594 540 762 571 moderatus
770 538 872 570 medio
880 540 1015 569 sermone
1023 537 1166 570 excessum
1180 538 1261 569 illum
1272 547 1429 579 temperat.
1451 541 1596 570 Caeterum
1607 558 1618 574 ‚
1632 537 1649 567 fi
1662 538 1725 578 quis
1735 537 1834 569 omnia
1844 535 1897 568 rite
1916 534 2059 576 expendat
2068 557 2078 571 ,
2087 538 2131 565 in-

397 587 488 628 digna
499 586 538 617 est
550 584 673 617 homine
681 583 820 626 prudenti
833 582 984 614 sententia.
1007 583 1076 614 Scio
1085 583 1206 624 quidem
1219 581 1344 613 amuliis
1360 584 1462 615 haberi
1479 595 1533 625 pio
1549 582 1671 613 oraculo
1682 593 1689 612 z
1700 581 1748 612 sed
1764 593 1815 612 eos
1832 591 1984 622 perperam
2000 580 2133 610 iudicare
2182 588 2186 591 ’

254 656 266 683 ¹
396 631 443 663 vel
453 630 522 663 hinc
531 629 596 661 satis
605 628 680 660 clare
691 637 771 670 patet
780 649 788 662 ‚
799 626 880 669 quod
892 628 949 659 hoc
959 627 1052 659 modo
1062 627 1268 659 abstinendum
1281 626 1349 659 esset
1360 628 1396 658 ab
1414 629 1554 658 omnibus
1570 628 1669 669 poenis
1700 636 1756 656 nec
1769 626 1893 668 :in-»plius
1911 624 2001 657 vllum
2021 622 2133 654 malefi-

267 666 354 691 ⁰²¹²‘⁵'³
362 668 385 689 4-
395 676 475 707 cium
485 674 703 715 corrigendum.
714 671 776 703 imo
784 671 966 714 repudienda
976 672 1115 714 quaelibet
1125 672 1194 703 vitae
1203 670 1328 703 subsidia
1336 692 1346 708 ‚
1357 683 1443 714 quam
1456 684 1492 704 ne
1503 681 1660 704 momento
1668 670 1788 712 quidem
1801 667 1959 713 prorogare
1968 672 1997 700 in
2007 668 2133 700 arbitrio

394 720 494 752 nostro
504 720 553 751 est.
575 717 651 749 Vere
670 718 791 760 quidem
804 727 961 757 Vtrumque
970 717 1078 749 dicitur
1087 739 1097 753 ,
1107 719 1176 747 Non
1187 716 1266 759 posse
1275 717 1338 748 vllis
1349 716 1504 748 hominum
1516 717 1616 748 studiis
1626 715 1741 747 dissolui
1753 717 1833 757 quod
1842 726 1878 746 ex
1895 717 1963 746 Deo
1980 713 2020 745 est
2031 726 2037 744 z
2049 713 2136 754 quod.

391 775 491 796 autem
503 763 587 795 estex
597 762 771 793 hominibus
781 781 790 795 ‚
801 762 898 792 minus
908 762 1025 793 firmum
1037 761 1189 803 essequam
1202 772 1232 793 vr
1244 761 1387 792 consistat.
1411 760 1467 794 Sed
1478 762 1546 793 hinc
1558 772 1709 802 perperam
1726 760 1875 802 colligitur
1886 778 1895 792 ,
1904 757 2069 790 cessandum
2087 758 2134 788 in-

392 818 474 841 terea
483 806 550 840 esse.
571 808 677 838 Potius
687 807 848 838 videndum
858 806 898 837 est
909 807 979 848 quid
992 806 1080 845 nobis
1089 809 1172 838 Deus
1181 807 1317 838 mandet:
1329 806 1392 838 vult
1401 817 1499 839 autem
1509 806 1648 838 maleficia
1661 816 1710 847 per
1723 815 1777 835 nos
1795 805 1936 835 coerceri.
1960 806 1992 834 ln
2010 803 2088 834 hunc
2100 801 2133 832 fi-

391 864 462 885 nem
475 852 600 893 instituit
611 852 793 895 magistratus
804 873 813 887 ,
823 849 930 893 eosque
943 851 1043 894 gladio
1051 852 1183 883 armauit.
1203 853 1236 882 In
1248 851 1326 883 hunc
1336 850 1425 882 finem
1435 852 1572 882 Senioies
1581 849 1772 882 Ecciefiaesuae
1789 847 1918 891 praefecit
1928 870 1936 881 ,
1946 849 2036 889 quiin
2053 847 2133 877 ordi-

389 908 460 930 nem
470 907 628 940 proteruus
637 906 765 939 cogant,
776 906 830 926 nec
840 897 989 938 patiantur
998 896 1120 939 impune
1128 895 1241 938 grassari
1252 897 1392 937 peccandi
1403 896 1564 928 licentiam.
1585 898 1741 937 Perper-‘im
1753 896 1851 936 itaque
1862 892 2014 935 colligitur
2026 888 2134 923 tessan-

389 942 462 974 dum
474 942 564 974 nobis
572 940 647 976 effe,
658 943 725 984 quia
736 943 820 972 Deus
828 952 881 982 per
890 940 916 972 se
926 942 961 972 ad
971 941 1044 972 mala
1055 941 1185 973 tollenda
1193 940 1320 972 sufficiat.
1343 941 1501 982 Quanqam
1511 941 1657 982 integrum
1668 939 1822 971 consilium
1834 938 1892 969 tale
1907 937 1958 968 est.
1979 937 2132 968 Admonet

389 988 533 1019 Gamaliel
542 1006 551 1021 ‚
563 998 599 1018 ne
609 985 721 1018 beilum
731 996 800 1018 cum
809 987 877 1017 Deo
886 984 1038 1027 suscipiant
1046 985 1153 1017 Scribae
1163 988 1193 1018 δι
1205 986 1350 1017 seniores.
1384 986 1527 1027 Loquitur
1543 994 1640 1016 autem
1660 983 1738 1026 quasi
1748 984 1784 1014 de
1795 995 1825 1014 re
1841 983 1943 1015 dubia,
1953 984 2031 1012 vnde
2042 992 2131 1022 appa-

389 1043 436 1065 ret
448 1034 504 1064 iam
515 1033 530 1064 a
538 1031 734 1064 fundamento
744 1042 812 1062 eum
823 1030 896 1061 nihil
906 1031 1017 1062 habere
1028 1030 1103 1061 firmi
1116 1042 1122 1060 ι
1134 1031 1254 1071 quando
1265 1031 1293 1060 in
1304 1029 1390 1060 causae
1399 1031 1539 1071 qualitate
1549 1029 1693 1071 suspensua
1701 1030 1786 1059 haeret
1800 1051 1807 1063 ,
1817 1039 1871 1059 nec
1889 1028 2012 1057 statuere
2030 1026 2133 1062 audet,

371 1104 374 1106 ,
390 1075 513 1108 bonane
524 1088 559 1109 an
573 1077 647 1108 mala
660 1075 692 1107 sit
703 1098 712 1111 ,
722 1075 769 1107 sed
780 1073 893 1106 tannim
905 1076 939 1106 ad
951 1084 1069 1116 tempus
1078 1073 1186 1105 differri
1199 1074 1406 1109 iubet,donec
1415 1074 1521 1105 melius
1539 1074 1574 1105 de
1593 1073 1672 1104 causa
1688 1073 1807 1114 liqueat.
1833 1076 1866 1103 ln
1883 1073 1992 1102 summa
2002 1092 2010 1105 ,
2021 1072 2132 1101 Gama-

390 1121 442 1154 liei
453 1122 573 1154 exveris
584 1121 734 1162 principiis
744 1119 906 1162 pertiersam
918 1118 1156 1161 consequentiam
1167 1118 1289 1150 deducit
1300 1129 1307 1148 ε
1317 1119 1384 1159 quia
1395 1120 1476 1160 quod
1486 1118 1553 1148 fidei
1563 1116 1675 1149 tantum
1686 1116 1792 1148 seruire
1807 1117 1899 1148 debet
1911 1136 1920 1149 ,
1931 1113 1966 1146 ad
1976 1124 2131 1146 externum

393 1167 524 1199 officium
538 1168 568 1198 δι
579 1166 685 1208 agendi
696 1166 840 1196 rationem
850 1175 1002 1206 perperam
1021 1162 1237 1204 accommodat.
1258 1164 1298 1198 Ex
1307 1162 1444 1204 opposito
1454 1183 1463 1196 ‚
1474 1163 1532 1193 haec
1542 1162 1573 1193 sit
1593 1162 1686 1193 nostra
1707 1161 1867 1192 Dialec‘iica
1879 1160 1988 1198 :Qod
2005 1170 2041 1191 ex
2061 1162 2131 1189 Deo

396 1211 457 1246 est,
468 1211 557 1242 etiam
566 1220 633 1242 toto
643 1209 756 1241 inundo
767 1209 864 1240 inuito
875 1230 883 1244 ‚
894 1206 1007 1240 necesse
1023 1208 1060 1238 est
1071 1207 1160 1238 stare:
1170 1217 1243 1248 ergo
1254 1207 1400 1248 intrepide
1410 1206 1544 1238 aduersus
1554 1207 1669 1247 quosuis
1678 1207 1806 1237 Sathanae
1825 1208 1853 1237 δι
1872 1206 2027 1235 hominum
2044 1203 2131 1234 insul-

399 1265 449 1286 tus
459 1255 613 1286 confistere
624 1255 714 1287 debet
724 1254 798 1284 fides
814 1275 824 1289 ,
835 1264 896 1295 quae
911 1263 1015 1284 aeterna
1033 1252 1090 1283 Dei
1102 1251 1225 1283 veritate
1233 1250 1353 1282 fulcitur
1363 1264 1369 1282 z
1381 1252 1469 1282 etiarn
1479 1250 1497 1281 si
1507 1251 1605 1282 caelum
1618 1262 1679 1282 ruat
1690 1273 1698 1285 ‚
1708 1252 1735 1280 in
1746 1261 1810 1281 tuto
1821 1247 1860 1280 t'st
1871 1249 1943 1279 salus
1960 1248 2131 1289 nosti·a,qnae

400 1302 500 1331 Deum
510 1300 664 1331 authorem
677 1302 708 1332 δι
719 1298 868 1330 custodem
882 1299 972 1329 habet
981 1309 988 1328 z
998 1298 1064 1339 qnia
1077 1307 1199 1339 regnum
1209 1295 1316 1327 Christi
1326 1298 1408 1327 Deus
1417 1305 1516 1327 tuetur
1525 1316 1534 1329 ‚
1545 1296 1623 1326 nulla
1633 1306 1759 1337 vnqiiam
1770 1296 1797 1325 vi
1817 1294 1909 1324 euerri
1926 1294 2036 1334 poterit
2047 1306 2052 1322 :
2062 1293 2132 1334 quia

399 1345 431 1375 in
441 1347 510 1376 Deo
521 1344 641 1376 fundata
648 1344 688 1375 est
698 1343 850 1385 Euangelij
860 1342 991 1374 doCtrina
1002 1364 1012 1378 ,
1022 1352 1172 1383 vtcunque
1182 1351 1244 1372 eam
1254 1351 1448 1382 oppugnent,
1459 1340 1506 1372 vel
1517 1338 1711 1382 quatefaciant
1720 1340 1874 1372 homines,
1886 1337 1969 1369 firma
1979 1338 2134 1368 nihilomi-

399 1400 457 1420 nus
467 1389 608 1421 manebit.
633 1388 767 1422 Rursum,
779 1386 1106 1430 quantumuissatagant
1116 1386 1197 1427 impij
1209 1407 1218 1420 ,
1229 1383 1384 1428 nullosque
1395 1396 1455 1416 non
1467 1395 1607 1416 moueant
1625 1385 1737 1427 lapides
1746 1405 1756 1420 ,
1777 1396 1807 1416 vt
1821 1382 1976 1414 Ecclesiam
1995 1383 2131 1424 perdant,

395 1434 587 1476 quantumuis
597 1433 708 1466 furiose
716 1441 892 1474 oppugnent
902 1431 1049 1462 Christum
1062 1433 1092 1463 δε
1101 1431 1165 1462 eius
1173 1429 1330 1461 Ecclesiam
1341 1451 1348 1465 ‚
1359 1441 1418 1462 non
1429 1439 1526 1461 tamen
1538 1430 1736 1471 praualcbunt
1749 1441 1754 1459 :
1766 1441 1831 1471 quia
1843 1429 1900 1458 Dei
1920 1437 2070 1468 proprium
2081 1427 2132 1463 est,

391 1478 549 1510 hominum
562 1478 681 1510 consilia
696 1478 828 1519 dissipare
838 1487 941 1518 :atque
951 1471 1110 1507 hoc'modo
1122 1485 1225 1506 eorum
1237 1475 1434 1506 temeritatem
1445 1474 1602 1506 vlciscitur.
1624 1476 1767 1505 Videmus
1777 1473 1844 1505 fidei
1854 1471 1932 1504 ῐεᾶὲ
1948 1483 2039 1514 aptari
2051 1476 2132 1503 virsi-

391 1533 451 1564 que
463 1525 641 1555 membrum.
664 1523 720 1554 Sed
731 1523 842 1553 interea
854 1532 914 1551 non
925 1521 966 1552 est
974 1521 1055 1562 qubd
1067 1521 1163 1550 minus
1173 1518 1261 1550 seduli
1279 1517 1336 1549 effe
1353 1518 1482 1550 debeant
1499 1519 1607 1550 Christi
1624 1519 1698 1550 serui
1713 1520 1742 1549 in
1763 1528 1887 1549 veritate
1904 1515 2130 1548 asserendazcur

387 1568 545 1600 Ecclesiam
556 1568 601 1600 sua
612 1568 728 1611 ignauia
739 1565 848 1598 collabi
858 1564 967 1597 sinant:
987 1576 1038 1596 cur
1048 1564 1154 1596 resides
1172 1563 1353 1595 conniueant
1362 1563 1399 1594 ad
1415 1573 1517 1595 eorum
1527 1563 1749 1605 improbitatem
1759 1582 1769 1597 ‚
1777 1564 1828 1604 qui
1837 1560 1942 1593 sursum
1951 1572 1986 1593 ac
1993 1561 2130 1592 deorsum

390 1614 494 1645 omnia
507 1614 630 1645 voluere
640 1621 793 1643 conantur.

432 1679 466 1709 36
499 1671 544 1708 Sv
557 1682 573 1701 R
583 1682 599 1700 a
614 1680 631 1700 ι’.
646 1683 663 1700 x
678 1680 689 1699 1
707 1681 724 1700 τ
749 1680 766 1698 τ
780 1681 799 1699 fl
813 1679 830 1699 ε
844 1678 860 1699 ν
873 1679 893 1698 n
910 1677 925 1696 Α
939 1667 976 1707 s.)
1000 1667 1028 1697 Si
1040 1665 1114 1698 fides
1124 1665 1249 1697 habetur
1257 1662 1452 1708 Ioseph0‚hic
1463 1677 1561 1697 veram
1572 1665 1696 1696 histotiae
1709 1663 1811 1696 seriem
1829 1665 1953 1697 iniiertit
1971 1663 2128 1697 Gamaliei.

390 1715 496 1746 Narrat
506 1713 583 1744 enim
594 1713 643 1744 ille
654 1713 756 1744 Iudam
765 1712 951 1744 Gaulanitem
965 1733 974 1746 ,
985 1721 1019 1742 ex
1029 1711 1141 1753 oppido
1153 1710 1275 1741 Gamala
1284 1721 1382 1742 ortum
1394 1732 1404 1746 ,
1422 1711 1564 1749 Qirinio
1575 1732 1583 1746 ,
1600 1709 1648 1742 vel
1659 1709 1794 1749 Cyrenio
1803 1709 1983 1740 Proconsule
1992 1731 2003 1746 ,
2020 1710 2132 1741 tumul-

392 1766 506 1790 tuatum
518 1756 649 1789 effecum
660 1757 734 1796 suis,
753 1768 789 1787 ne
800 1755 903 1787 census
916 1765 1067 1796 ageretur:
1078 1755 1230 1786 Theudam
1242 1753 1315 1785 vero
1326 1775 1335 1788 ,
1348 1755 1459 1795 Cuspio
1466 1754 1542 1784 Pado
1558 1756 1753 1785 procuratore
1763 1772 1773 1787 ‚
1791 1751 1818 1783 se
1832 1753 1993 1784 venditasse
2007 1763 2061 1794 pro
2070 1753 2132 1785 Dei

396 1802 648 1845 propheta.l²adus
656 1811 752 1835 autem
764 1801 779 1831 ἀ
787 1801 914 1831 Claudio
925 1798 1033 1830 Caesare
1040 1800 1071 1829 in
1079 1798 1203 1829 iudaeam
1216 1796 1313 1828 missus
1321 1796 1425 1829 fuerat.
1445 1799 1529 1830 Prior
1539 1797 1656 1829 historia
1664 1797 1986 1840 librassantiquitatum
1995 1797 2133 1830 refertur:

397 1847 490 1879 altera
500 1856 596 1878 autem
607 1845 757 1877 vicesimo.
780 1844 838 1875 Sed
855 1843 989 1874 existimo
1007 1846 1116 1875 Lucam
1126 1864 1135 1878 ,
1146 1852 1237 1884 quum
1256 1842 1329 1874 dicit
1338 1861 1347 1876 ,
1359 1854 1381 1872 -P
1392 1855 1410 1872 o
1422 1855 1435 1874 s
1446 1854 1465 1874 τ
1489 1855 1509 1874 ii
1521 1854 1538 1875 v
1550 1855 1569 1874 u
1583 1854 1602 1874 c
1628 1854 1644 1874 E
1657 1851 1701 1873 x·r
1712 1853 1724 1873 1
1735 1853 1753 1873 τ
1763 1854 1773 1875 1
1783 1853 1802 1873 τ
1824 1843 1927 1879 iudas,
1947 1853 2007 1874 non
2023 1853 2132 1876 notare

400 1891 546 1933 temporis
555 1890 691 1921 ordinem
704 1911 712 1926 ,
729 1887 808 1931 quasi
819 1887 964 1930 posterior
977 1886 1066 1918 fuerit
1076 1900 1085 1918 .·
1097 1887 1145 1919 sed
1155 1897 1247 1929 quum
1265 1886 1326 1918 duo
1343 1886 1474 1929 exempla
1491 1886 1595 1920 similia
1613 1884 1759 1930 proferret
1775 1886 2008 1923 Gamaliel,non
2023 1886 2133 1920 habito

400 1936 546 1977 temporis
554 1933 684 1976 respestu
694 1955 703 1969 ,
724 1932 889 1975 promiscue
899 1931 1019 1964 miscere
1028 1933 1136 1973 potuit.
1161 1935 1265 1974 ltaque
1283 1931 1421 1973 particula
1434 1943 1450 1963 r>
1461 1945 1480 1963 o
1491 1942 1504 1963 s
1513 1944 1532 1964 τ
1542 1955 1552 1969 ,
1561 1931 1738 1964 tantundem
1758 1933 1836 1964 valet
1851 1941 1940 1974 atque
1955 1932 2073 1974 Insuper
2081 1933 2134 1966 vel

391 1981 545 2012 Praeterea.
553 1978 692 2011 Porrbne
703 1978 762 2009 haec
772 1976 892 2020 quidem
902 1977 1036 2018 exempla
1046 1977 1154 2019 quibus
1161 1976 1333 2009 sententiam
1343 1975 1419 2008 suam
1429 1976 1583 2010 confirmat
1592 1975 1878 2019 Gamaliel‚praesenti
1887 1979 1968 2020 cause
1978 1976 2044 2009 satis
2059 1987 2133 2010 ton·

396 2035 516 2067 gruunt.
537 2035 604 2056 nam
613 2023 681 2065 quia
688 2034 748 2054 non
759 2022 853 2054 statim
863 2021 984 2053 obuiam
995 2022 1067 2053 itum
1079 2022 1119 2054 est
1132 2021 1210 2054 Iudae
1219 2043 1230 2057 ,
1248 2021 1347 2054 multis
1355 2020 1488 2053 cladibus
1498 2021 1684 2054 occasionem
1695 2021 1778 2053 dedit
1788 2021 1893 2054 seditio
1908 2022 1945 2054 ab
1956 2021 2018 2065 ipso
2036 2032 2130 2058 mota,

395 2072 428 2101 δι
440 2070 559 2101 tandem
571 2079 658 2100 manu
668 2071 699 2100 8(
711 2069 798 2100 armis
807 2066 961 2099 cohibitus
971 2065 1038 2099 fuit.
1059 2066 1200 2098 Theudas
1211 2067 1300 2099 etiam
1309 2066 1399 2109 longe
1406 2067 1472 2108 plus
1481 2065 1625 2099 nocuisset
1634 2088 1644 2103 ‚
1661 2065 1713 2097 nisi
1731 2066 1830 2108 Cuspij
1839 2066 1905 2098 radi
1921 2067 2059 2098 industria
2068 2078 2131 2098 ma-

393 2114 460 2146 ture
470 2112 539 2146 tffet
548 2113 732 2156 profligatus.
758 2114 814 2144 Sed
830 2111 890 2143 hoc
908 2110 1150 2153 tantumrespicit
1168 2111 1334 2146 Gamaiiei‚
1349 2109 1490 2143 infaustos
1505 2109 1561 2143 esse
1576 2113 1692 2147 exitus,
1708 2120 1799 2153 quum
1816 2110 1843 2141 se
1861 2111 1974 2143 temere
1984 2108 2130 2152 'ingerunt

391 2157 532 2191 homines
544 2169 551 2188 :
562 2160 651 2200 idque
661 2157 722 2189 fieri
731 2158 802 2189 iusta
812 2158 870 2189 Dei
880 2157 1019 2189 vindicta.
1044 2156 1191 2189 Caeteriim
1202 2176 1212 2191 ,
1222 2156 1289 2198 quia
1299 2158 1398 2188 Deum
1409 2156 1488 2188 ηᾶὲ
1497 2166 1669 2188 monentem
1678 2156 1780 2186 audire
1789 2165 1918 2187 renuunt
1933 2155 2016 2197 impij
2026 2158 2130 2187 Sacer-

390 2202 478 2234 dotes
490 2225 499 2239 ,
510 2204 591 2246 digni
601 2203 663 2233 sunt
677 2213 753 2244 quos
764 2202 877 2234 friuolis
892 2201 1060 2234 rationibus
1068 2200 1280 2243 obstupefaciat
1289 2201 1383 2233 homo
1392 2223 1401 2238 ‚
1411 2201 1493 2232 stulta
1505 2201 1697 2244 perplexitate
1705 2200 1736 2231 in
1746 2199 1856 2231 diuersa
1866 2200 2011 2231 vacillans.
2031 2201 2128 2232 Porro

393 2256 430 2278 ex
440 2257 608 2289 temporum
620 2247 826 2288 supputatione
835 2246 978 2288 colligere
987 2246 1238 2283 iicet,'duodecim
1251 2256 1282 2278 vt
1292 2245 1448 2278 minimum
1457 2256 1550 2277 annos
1565 2242 1674 2286 fluxisse
1685 2243 1701 2275 ὲ
1716 2254 1813 2275 morte
1831 2244 1939 2276 Christi
1949 2267 1959 2280 ‚
1969 2255 2128 2286 antequam

390 2292 528 2332 Apostoli
539 2292 730 2324 caederentur.
757 2301 823 2322 nam
838 2292 971 2332 quinque
980 2291 1063 2322 annis
1074 2313 1083 2327 ,
1093 2292 1145 2333 qui
1155 2290 1300 2322 restabant
1311 2301 1346 2322 ex
1353 2291 1475 2332 Tyberij
1485 2291 1612 2332 imperio
1622 2288 1768 2325 ‚addendi
1779 2287 1842 2320 sunt
1860 2299 1919 2320 tres
1939 2292 1967 2321 δι
1986 2289 2128 2322 dimidius

385 2336 495 2377 quibus
505 2335 640 2379 regnauit
651 2335 884 2376 Caligula.Fadus
893 2334 909 2366 ὲ
918 2334 1082 2366 Claudioin
1092 2336 1216 2367 Iudaeam
1227 2333 1324 2367 missus
1334 2335 1373 2366 est
1382 2346 1440 2366 non
1451 2345 1518 2366 ante
1527 2334 1686 2366 secundum
1695 2333 1742 2367 vel
1751 2333 1870 2365 tertium
1878 2333 1999 2375 Imperii
2007 2344 2126 2366 annum:

385 2382 461 2413 Rem
472 2381 580 2424 gestam
592 2389 807 2411 commemorat
817 2378 960 2410 Gamaliel
971 2398 980 2413 ‚
992 2388 1052 2408 nori
1062 2389 1121 2410 vno
1130 2388 1181 2410 aut
1191 2380 1284 2411 altero
1293 2379 1357 2420 post
1368 2379 1424 2411 die.
1448 2378 1694 2420 Ergo-conficitur
1716 2379 1789 2409 illud
1808 2378 1890 2420 quod
1907 2379 1965 2409 dixi
1983 2380 2127 2419 temporis

389 2424 525 2466 spatium.
548 2423 622 2464 Qb
639 2423 814 2465 praestantior
833 2422 888 2453 suit
899 2421 1109 2463 Apostolorum
1120 2423 1280 2455 constantia
1292 2423 1360 2464 ,qui
1372 2433 1460 2464 quum
1470 2423 1532 2463 post
1541 2423 1697 2454 diuturnos
1715 2424 1832 2456 labores
1850 2423 1952 2454 obitos
1971 2433 2031 2453 tarn
2047 2423 2125 2454 indi-

393 2480 482 2512 gnam
490 2469 661 2510 mercedem
672 2477 844 2510 reportent,
853 2476 1020 2498 nontamen
1030 2464 1204 2508 franguntur
1215 2484 1224 2498 2
1239 2477 1338 2508 neque
1348 2466 1482 2498 desinunt
1491 2466 1603 2498 cursum
1613 2467 1693 2499 suurn
1705 2468 1848 2510 persequi.

426 2531 452 2559 A
464 2540 480 2559 ι
492 2538 503 2557 1
513 2539 565 2563 (ιν
578 2538 594 2558 13
607 2539 629 2557 m
651 2537 669 2556 ι
683 2537 694 2555 s
704 2535 717 2555 s
727 2537 744 2556 ε
763 2528 788 2556 ’Μ
802 2536 818 2555 Α
832 2533 851 2553 o
867 2536 885 2554 »r
897 2535 914 2555 v
926 2524 974 2564 m.)
994 2522 1054 2565 Alij
1065 2522 1322 2558 codiceshabent,
1339 2524 1449 2555 Dicens
1459 2527 1485 2555 se
1495 2524 1551 2556 esse
1559 2525 1685 2568 aliquem
1699 2527 1926 2558 :eodemtamen
1937 2525 2024 2557 sensu.
2049 2532 2125 2560 Nam

395 2570 612 2614 seProphetam
623 2569 749 2602 iafiabat
759 2567 995 2612 ›quilordanem
1005 2567 1058 2603 ‚ad
1069 2567 1257 2609 praebendum
1267 2566 1322 2598 suis
1332 2567 1480 2600 transitum
1493 2591 1501 2604 ,
1512 2569 1615 2601 ficcare
1630 2569 1730 2612 posset.
1751 2573 1866 2602 Interea
1885 2571 2020 2601 videmus
2035 2573 2122 2613 quam

396 2615 490 2659 longe
498 2615 571 2647 absit
581 2614 682 2646 aresta
691 2615 865 2657 cognitione
875 2610 1019 2649 Gamaliel
1027 2633 1037 2648 ‚
1048 2613 1098 2654 qui
1109 2611 1318 2653 impostoribus
1328 2613 1533 2644 &latrunculis
1543 2614 1659 2647 consen
1669 2614 1779 2646 sanstus
1789 2614 1898 2645 Christi
1914 2614 2124 2648 mjfljstms3e¹fi

393 2661 495 2703 postea
505 2660 595 2693 verba
605 2658 722 2701 mitigat
735 2680 745 2695 ,
756 2659 828 2692 &in
838 2658 993 2693 meliorem
1005 2667 1116 2698 partem
1135 2655 1276 2687 inclinans
1289 2656 1335 2691 ‚in
1361 2659 1465 2689 medio*
1477 2659 1617 2702 relinquit
1627 2682 1637 2696 ,
1651 2671 1686 2691 an
1704 2662 1772 2691 Deo
1781 2659 1904 2690 authore
1920 2658 2027 2690 causam
2047 2662 2123 2692 hanc

393 2705 584 2747 susceperint.
607 2703 791 2735 Dubitanter
800 2712 898 2734 tamen
909 2702 1060 2744 loquitur,
1076 2701 1142 2743 quia
1153 2700 1493 2742 disquisitionesubmota
1511 2705 1625 2737 tantum
1642 2705 1708 2735 otio
1723 2703 1858 2734 consulit.
1884 2707 1950 2734 Hoc
1966 2704 2079 2735 taniam
2091 2706 2121 2736 in

393 2750 458 2782 eius
468 2750 600 2782 sermone
611 2747 800 2792 probandum
811 2746 910 2793 ,quod
919 2746 1030 2790 impios
1037 2746 1167 2779 deterret
1175 2745 1212 2777 ab
1223 2745 1314 2789 impia
1321 2746 1440 2779 audacia
1449 2769 1459 2784 ,
1472 2750 1540 2790 quia
1550 2750 1624 2781 nihil
1640 2749 1732 2792 magis
1749 2747 1940 2779 formidabile
1956 2749 2042 2791 quam
2053 2752 2120 2781 Deo

391 2794 546 2827 aduersari.

451 2899 506 2931 40
553 2891 743 2923 Paruerunt
752 2891 864 2920 autem
873 2878 936 2917 illi.-

447 2947 493 2977 Et
502 2954 606 2994 quum
615 2934 826 2992 aduocaffent
837 2937 1006 2994 Apostolos
1017 2965 1029 2981 ‚
1042 2935 1347 2992 caefispraeceperum
1366 2950 1410 2975 ne
1431 2937 1648 2992 loquerentur
1663 2939 1701 2975 in
1718 2939 1856 2976 nomine
1876 2933 1940 2987 lesu
1950 2963 1960 2979 ,
1971 2935 2115 2981 &dimi-

385 2996 440 3048 set
446 3007 578 3036 unteos.
1204 2993 1208 2998 ’
1782 3026 1785 3030 .
1858 3010 1862 3011 ’

450 3064 490 3100 41
549 3052 603 3090 Illi
615 3065 691 3106 ergo
701 3049 800 3090 ibant
801 3047 1021 3105 gaudentes&
1032 3044 1200 3106 conspec‘lu
1209 3049 1331 3102 concilq'
1341 3078 1351 3095 ,
1362 3045 1451 3103 qubd
1469 3048 1565 3105 digni
1574 3047 1675 3104 effint
1692 3048 1818 3095 habnt,
1833 3049 1961 3102 quipro
1977 3055 2116 3091 nomine

395 3109 469 3146 eius
477 3110 699 3163 ignominiam
706 3118 915 3161 paterentur.

424 3177 490 3259 h42
536 3171 582 3202 Et
590 3164 741 3217 quotidie
751 3165 789 3201 in
798 3164 920 3218 templo
933 3162 1191 3218 &persingulas
1200 3161 1313 3202 domos
1325 3175 1395 3201 non
1412 3161 1576 3218 ccffibant
1592 3163 1708 3204 docere
1725 3161 1764 3207 ἀ·
1782 3163 1989 3200 annunciare
2008 3163 2114 3216 Iefiam

393 3226 422 3258 C
449 3221 572 3274 rssum.
863 3238 865 3242 ’
1539 3239 1543 3243 ·

430 3333 467 3356 40
502 3325 555 3353 (ΣΕ
565 3331 610 3353 sxs
632 3315 693 3352 mia
701 3319 898 3358 CEPERVNT.)
909 3317 991 3350 Dicit
1001 3328 1152 3361 receptum
1162 3317 1243 3351 fuisse
1251 3316 1420 3350 Gamalielis
1428 3316 1580 3349 confilium
1591 3331 1597 3349 ε
1608 3313 1904 3351 verberanturtamen
1916 3318 2049 3361 Apostoli
2058 3342 2066 3356 ,
2079 3322 2110 3353 δε

397 3362 505 3395 docere
515 3365 718 3406 prohibentur.
743 3364 821 3395 Hinc
829 3362 999 3403 colligimus
1007 3373 1113 3404 quanta
1124 3363 1212 3396 fuerit
1219 3364 1343 3396 hostium
1352 3362 1447 3393 rabies
1457 3384 1464 3397 ‚
1473 3363 1524 3404 qui
1533 3362 1590 3394 iam
1603 3359 1705 3404 placati
1717 3361 1760 3392 vel
1771 3360 1868 3395 saltem
1888 3365 2024 3406 mitigati,
2034 3365 2110 3395 adeo

397 3415 496 3438 tamen
506 3409 733 3451 intemperanter
744 3408 770 3440 se
779 3416 894 3451 gerunt.
904 3407 997 3437 Simul
1006 3407 1094 3438 etiam
1105 3408 1317 3451 apparetquam
1329 3404 1498 3438 infoeliciter
1508 3407 1613 3439 cedant
1623 3405 1717 3437 media
1734 3405 1894 3442 consilia‚in
1913 3411 2021 3450 quibus
2030 3407 2108 3448 post-

395 3449 497 3483 habita
504 3453 561 3485 Dei
570 3455 692 3487 veritate
701 3451 813 3487 tantum
823 3452 893 3484 hom
899 3451 997 3483 inibus
1005 3451 1328 3495 prospicitur.1mpetrat
1336 3452 1425 3495 quide
1433 3452 1577 3485 Gamaliel
1587 3461 1617 3484 vt
1626 3451 1690 3484 vitae
1697 3450 1905 3491 Apostolorum
1914 3450 2107 3496 parcarucsed

768 3518 773 3523 .
1400 3515 1404 3519 -
1987 3505 2107 3531 luceium
