2310 3841
359 155 416 204 40
799 140 1186 202 macra
1248 138 1547 188 apos-r.

360 219 496 266 potentia
507 215 639 253 conuic‘ti
650 241 659 256 ,
668 225 729 251 non
738 215 852 249 audent
863 209 1025 257 Apostolos
1034 221 1234 244 contemnere
1244 232 1254 249 ,
1265 211 1336 253 quin
1347 212 1450 253 potius
1471 207 1629 243 Ecclesiam
1650 207 1780 242 reuereri
1797 196 2082 251 coguntur-*Viden
2093 223 2135 246 ra.

363 279 433 300 men
442 265 600 298 absurdum
611 263 685 295 illud
695 260 807 305 posset,
829 259 912 302 qubd
926 257 1076 289 miraculis
1085 256 1184 289 territi
1195 259 1295 288 Deum
1310 259 1342 290 &
1365 256 1511 298 populum
1534 257 1598 288 eius
1623 255 1750 298 fugiunt.
1774 253 1954 295 Responde-o
1965 278 1973 292 ,
1986 255 2032 287 sua
2049 257 2137 299 culpa

362 314 398 345 su
411 309 633 352 ise-impeditos,
643 318 680 338 ne
690 306 878 339 accederent.
903 305 1011 345 Neque
1023 305 1104 333 enirn
1117 301 1253 333 dubium
1263 297 1404 343 est'‚quin
1417 301 1567 332 miraculis
1588 311 1642 332 nos
1651 303 1686 333 ad
1708 300 1733 332 se
1751 302 1834 330 Deus
1845 300 1961 331 inuitet.
1981 302 2060 344 Ergo
2070 305 2139 344 qm-

366 366 488 398 cunque
499 365 536 385 eo
547 351 638 394 vsque
649 362 711 382 non
721 349 893 392 proficiunt,
904 359 934 379 vt
945 348 1003 379 Dei
1018 347 1153 389 gratiam,
1165 356 1228 387 quae
1239 346 1300 376 illic
1313 346 1552 387 relucet,cupide
1564 345 1769 379 exosculentur
1781 365 1791 379 ‚
1802 345 1858 375 illis
1876 345 1968 376 obstat
1980 348 2053 376 mala
2061 358 2137 378 con-

366 395 500 433 icie‘nua.
520 397 566 428 Est
577 407 675 428 tamen
686 397 734 426 hic
743 395 849 436 aliquis
861 391 985 427 frustm,
996 390 1078 432 qubd
1089 393 1173 421 Deus
1181 390 1314 432 aliquem
1326 400 1441 421 metum
1454 390 1511 421 illis
1523 401 1691 432 extorquet:
1703 400 1870 432 quanquam
1883 389 1941 420 hoc
1950 401 2009 420 non
2020 391 2136 423 tannim

368 456 399 477 m
414 443 521 476 raculis
529 441 645 473 ascribit
663 444 755 472 Lucas
766 438 831 474 ‚sed
843 440 944 479 potius
953 438 1055 467 omnia
1073 434 1158 466 simul
1169 434 1382 476 compleditur
1402 445 1465 477 quae
1473 436 1508 466 ad
1522 434 1654 466 Ecclefiae
1671 435 1846 476 dignitatem
1857 434 2022 477 augendam
2039 435 2137 469 facere

369 497 520 532 poterant.
541 487 589 518 Sic
598 488 679 518 enim
691 482 855 526 composita
866 492 949 513 erant
961 481 1075 515 omnia,
1089 490 1120 512 νε
1132 480 1232 511 diuina
1241 480 1374 521 quaedam
1397 480 1531 511 maiestas
1553 480 1615 511 illic
1627 478 1790 521 refulgeret
1803 490 1886 509 :nam
1898 480 1936 510 ab
1945 480 2010 511 aliis
2022 491 2081 512 non
2095 481 2136 513 se.

371 543 425 566 cus
433 530 619 565 differebant,
629 529 717 572 quam
730 528 837 570 Angeli
848 528 884 559 ab
898 526 1083 557 hominibus.
1103 524 1149 555 Est
1159 527 1281 556 enimin
1294 523 1388 556 sancta
1406 524 1558 566 disciplina
1576 527 1608 554 δι
1627 523 1656 554 in
1667 522 1788 563 syncera
1806 524 1924 564 pietatis
1942 523 2024 556 cultu
2033 536 2138 559 arcana

371 577 504 620 quaedarn
514 575 637 615 σεμνότης
647 594 656 609 ,
665 584 727 616 quae
738 573 831 604 malos
840 573 931 602 etiarn
943 571 1055 601 inuitos
1065 569 1257 612 constringat.
1281 569 1339 600 Sed
1350 570 1446 611 qualis
1459 580 1491 599 ea
1503 568 1548 603 fit,
1559 570 1650 599 hodie
1672 567 1827 603 nescimus,
1837 569 1909 610 quin
1920 569 2020 610 porius
2039 569 2138 612 profa-

373 633 411 654 na
418 621 498 653 *male
508 620 627 652 viuendi
638 620 758 650 licentia
769 628 823 648 nos
831 616 889 649 vni
897 626 965 648 cum
984 613 1149 657 Euangelio
1167 614 1320 645 reddimus
1340 615 1599 655 contemptibiles.
1634 615 1730 643 Poena
1751 614 1840 643 etiam
1859 616 1980 645 Ananiae
1989 616 2020 646 δε
2040 616 2138 646 vxoris

374 677 437 699 non
447 676 549 708 parum
558 663 675 694 valebat
691 663 837 694 terrendis
847 662 957 704 impiis,
968 670 1005 690 ne
1016 659 1132 691 temere
1141 669 1373 700 prorumperent
1392 660 1421 689 in
1434 669 1538 689 eorum
1555 668 1671 689 coetum
1681 677 1691 691 ,
1704 658 1754 688 vbi
1766 660 1849 688 Deus
1859 667 1916 688 tam
1929 657 2062 690 seuerum
2072 660 2138 691 vin-

376 712 476 743 dicem
488 710 516 742 se
525 708 704 739 ostenderat.
725 707 899 747 Notandum
909 716 1010 737 tamen
1021 704 1073 740 est,
1084 703 1202 734 medios
1213 705 1352 735 homines
1362 701 1414 735 hic
1426 703 1584 745 designari,
1595 706 1626 735 δι
1637 713 1687 743 qui
1701 712 1734 732 ex
1745 703 1872 743 pessimis
1883 711 1943 733 non
1953 713 2045 736 erant.
2065 707 2139 736 Fue-

378 766 448 788 runt
459 755 539 786 enim
549 762 621 784 tunc
631 750 771 793 permulti
782 750 977 792 lerosolyma&
989 759 1066 791 quos
1076 748 1156 780 nulla
1173 749 1289 790 prorsus
1297 748 1346 779 vel
1363 747 1513 790 signorum
1525 769 1534 783 ,
1545 747 1592 779 vel
1603 746 1740 789 angelicae
1748 749 1865 788 piorum
1886 746 2044 782 sanctitatis
2052 759 2138 781 reue.

381 800 476 832 tentia
484 807 632 839 tangeret.
667 797 838 828 Moderatos
847 807 920 838 ergo
929 796 1068 826 homines
1079 793 1220 835 intelligit
1228 797 1332 829 Lucas,
1341 794 1370 823 in
1382 794 1491 835 quibus
1499 791 1615 823 suberat
1626 792 1748 833 aliquod
1758 793 1874 822 timoris
1884 793 1942 823 Dei
1953 791 2137 836 sementqua-

383 845 428 877 les
439 843 530 875 hodie
538 841 674 875 videmus
683 841 915 883 quol'dam,quos
926 839 1029 871 mundi
1041 839 1162 880 quidem
1171 840 1284 870 vanitas
1293 841 1423 872 retinet,
1431 848 1468 869 ne
1477 837 1587 868 Christi
1598 838 1701 879 iugum
1711 836 1875 878 suscipiant.-
1888 836 1935 867 sed
1947 838 2016 879 quia
2024 837 2082 869 illis
2091 838 2139 869 di..

387 882 491 921 uinum
503 886 614 929 aliquid
625 885 740 918 subolet
750 886 844 918 nostra
855 885 999 918 doitrinzn
1011 880 1185 925 religioillis
1193 884 1233 915 est
1241 893 1306 914 eam
1317 892 1527 915 contemnere.
1565 883 1657 912 Simul
1667 893 1766 913 tamen
1782 892 1903 923 apparet
1915 883 2002 923 quam
2014 883 2141 914 exitiali-

386 933 443 965 bus
453 933 566 977 laqueis
576 931 708 963 detineat
716 931 823 963 Sathan
835 941 942 963 omnes
951 928 1059 961 Christi
1069 928 1171 969 spiritu
1181 938 1301 964 vacu05,
1312 938 1343 958 νε
1354 938 1415 958 non
1434 925 1528 958 solum
1548 925 1601 957 fibi
1613 926 1764 958 consulere
1774 936 1910 958 metuant
1919 947 1930 963 ‚
1949 926 1995 959 sed
2004 926 2140 959 consulib

385 977 516 1021 fu'gitent
529 975 630 1008 oblata
639 977 668 1007 in
678 973 798 1008 salutem
812 975 955 1007 remedia.
977 974 1087 1005 Vident
1098 975 1130 1005 δι
1143 974 1270 1014 probant
1287 983 1350 1015 quae
1359 974 1390 1005 δι
1400 971 1494 1003 sancta
1503 973 1538 1004 ὃς
1551 971 1634 1003 vtilia
1642 970 1706 1004 sunt
1717 993 1727 1008 ,
1738 974 1768 1004 δι
1781 982 1877 1003 tamen
1890 971 1938 1002 vel
1949 972 1978 1002 in
1992 972 2140 1004 deteriora

387 1022 536 1057 feruntur,
543 1021 594 1054 vel
603 1021 633 1052 in
643 1031 735 1053 coeno
744 1020 795 1052 suo
807 1029 938 1062 torpent.
2027 1022 2034 1027 ’

421 1079 447 1106 15
480 1068 670 1098 Vanrzurts
696 1077 795 1097 paritr
809 1064 948 1104 vniam.)
973 1062 1040 1093 Hoc
1050 1070 1190 1103 praetextu
1201 1061 1364 1093 abutuntur
1380 1060 1500 1102 Papistae
1509 1082 1518 1096 ,
1536 1070 1596 1091 non
1608 1060 1700 1091 modb
1708 1070 1739 1092 vt
1756 1059 1822 1092 ficta
1833 1059 1971 1091 miracula
1983 1071 2140 1093 commen·

388 1112 474 1149 dent,
486 1110 594 1154 quaead
603 1113 761 1151 Martyrum
774 1110 924 1151 sepulchra
933 1109 996 1138 fieri
1006 1107 1108 1137 dicunt
1120 1118 1129 1136 .-
1140 1106 1186 1137 sed
1193 1116 1225 1137 vt
1233 1106 1373 1148 reliquias
1384 1107 1471 1138 nobis
1482 1105 1542 1135 suas
1552 1107 1720 1136 venditent.
1742 1105 1805 1135 Cur
1816 1106 1929 1146 potius,
1939 1106 2089 1146 inquiunt,
2097 1104 2140 1138 sa-

389 1157 482 1190 nandi
492 1156 633 1190 virtutem
644 1155 749 1186 habuit
756 1156 835 1186 Petri
844 1165 891 1186 vm
898 1154 960 1186 bra,
972 1152 1059 1193 quarn
1070 1149 1196 1182 habebit
1211 1151 1395 1191 sepulchrum
1406 1172 1415 1186 ,
1425 1160 1474 1181 aut
1488 1149 1741 1184 vestis‚ve1eriam
1760 1149 1863 1181 ossium
1873 1149 1988 1181 tactus?
2008 1153 2141 1192 Respon-

390 1203 463 1237 deo,
473 1211 534 1232 non
542 1200 679 1242 protinus
689 1200 800 1231 tectum
812 1199 923 1231 debere
933 1200 1056 1231 censeri,
1066 1195 1148 1237 quod
1159 1194 1175 1225 5.
1184 1195 1309 1226 rudibus
1318 1199 1351 1226 δε
1362 1205 1438 1235 purae
1447 1193 1517 1224 fidei
1529 1194 1639 1235 ignaris
1647 1193 1755 1225 factum
1764 1192 1820 1225 esse
1832 1205 1927 1225 narrat
1938 1197 2039 1227 Lucas.
2064 1197 2140 1227 Cer·

390 1248 452 1279 tior
461 1243 602 1278 tamenin
613 1254 754 1286 promptu
766 1245 806 1276 est
815 1242 965 1275 refutatio.
978 1244 1054 1271 Nam
1067 1241 1121 1271 hac
1131 1240 1242 1271 virtute
1254 1240 1324 1270 ideo
1336 1239 1448 1280 praeditt
1459 1236 1577 1270 fuerunt
1597 1239 1731 1280 Apostoli
1743 1260 1752 1274 ,
1762 1239 1841 1280 quod
1851 1239 2005 1281 Euangelij
2016 1239 2141 1271 ministri

391 1289 656 1328 effent.Qatenus
666 1300 737 1332 ergo
746 1290 783 1321 ad
792 1285 999 1331 promouenda
1008 1283 1164 1327 Euangelij
1181 1283 1269 1315 fidem
1281 1285 1440 1319 intererat,
1449 1281 1507 1314 hoc
1517 1283 1598 1313 dono
1610 1284 1647 1314 vsi
1660 1283 1722 1314 sunt
1734 1296 1740 1314 :
1752 1283 1814 1315 irnb
1826 1286 1910 1314 Deus
1921 1295 1980 1315 vim
1991 1283 2066 1315 suam
2078 1295 2140 1315 non

393 1337 493 1369 minus
504 1334 534 1365 in
543 1333 797 1375 illorumlvmbta,
809 1333 896 1376 quam
907 1343 957 1362 ore
968 1330 1091 1362 exeruit.
1113 1332 1147 1360 In
1158 1329 1308 1359 miraculis
1321 1329 1357 1360 de
1369 1328 1478 1370 quibus
1487 1328 1617 1370 garriunt
1629 1328 1747 1370 Papistae
1756 1350 1764 1363 ‚
1774 1329 1850 1358 adeo
1863 1327 1940 1359 nihil
1950 1328 2034 1360 affine
2044 1328 2097 1363 est,
2109 1338 2142 1362 vt

362 1377 363 1380 ¹
394 1381 450 1413 fint
466 1381 568 1412 omnia
581 1379 682 1422 potius
691 1381 845 1415 contraria.
868 1377 929 1408 Hic
946 1376 1027 1407 enim
1043 1373 1111 1405 finis
1119 1372 1160 1405 est
1171 1394 1181 1409 ,
1192 1383 1224 1405 vt
1235 1374 1362 1406 mundus
1372 1373 1517 1405 aehristo
1527 1372 1673 1406 abductus
1682 1395 1692 1410 ‚
1703 1373 1739 1405 ad
1747 1372 1860 1405 sanctos
1869 1371 2053 1417 transfugiat.

435 1483 479 1522 17
525 1475 672 1524 Surgens
682 1464 945 1521 autemsitmmus
953 1462 1125 1518 Pontifex,
1138 1461 1178 1510 &⁸
1189 1477 1307 1503 omnes
1315 1465 1376 1518 qui
1389 1476 1461 1502 cum
1473 1477 1510 1502 co
1521 1475 1631 1509 erant,
1641 1460 1702 1502 hoc
1711 1460 1866 1516 effifidi‘a
1876 1461 2142 1513 Sadducaeomm,

393 1529 514 1584 repleti
513 1523 599 1580 fiant
606 1525 692 1564 zelo.
1456 1530 1459 1535 “
1704 1530 1709 1537 ”

439 1599 454 1624 1
460 1586 481 1623 8
518 1589 564 1622 Et
573 1586 763 1621 iniecerunt
775 1593 894 1618 manus
903 1581 941 1618 in
949 1576 1165 1633 estpoffolos,
1170 1574 1418 1633 pofherdntque
1427 1591 1483 1615 eos
1493 1577 1532 1613 in
1541 1573 1722 1626 custodiam
1726 1573 1906 1629 publicam.

435 1653 475 1685 19
519 1638 698 1692 cAngelm
707 1648 821 1675 autem
830 1638 973 1674 Domini
980 1636 1079 1672 nobie
1092 1636 1221 1688 aperuit
1230 1637 1368 1671 ianuam
1378 1631 1569 1680 carcereis&
1580 1628 1721 1670 educens
1732 1633 1914 1681 eas‚dz'xit.·

435 1710 486 1734 20
531 1702 594 1737 lte,
605 1693 780 1746 &stantes
791 1693 974 1745 loquimini
987 1694 1025 1729 in
1035 1690 1159 1743 templo
1166 1688 1286 1745 papula
1299 1691 1414 1727 omnia
1421 1687 1530 1727 verba
1544 1690 1627 1726 vitae
1637 1686 1747 1726 huius.

440 1767 461 1791 2
468 1765 481 1790 1
535 1755 572 1789 H
574 1764 610 1788 oc
617 1750 746 1794 audito,
751 1746 815 1800 fitb
824 1760 978 1787 auroram
987 1746 1203 1801 ingnss'zsimt
1211 1749 1250 1784 in
1259 1745 1478 1798 templum‚&
1489 1742 1662 1782 docebam.
1682 1743 1914 1784 osdueniens
1933 1743 2145 1797 autemsicm-v

396 1821 472 1846 mm
483 1805 697 1858 Ponhftm&
709 1808 852 1858 quicum
864 1817 901 1841 eo
917 1814 1025 1848 erant,
1037 1813 1262 1840 conuocarum
1271 1800 1501 1848 concilium&
1512 1811 1621 1838 totum
1630 1806 1652 1838 S
1655 1811 1793 1839 enatum
1798 1801 1957 1854 filiorum
1974 1799 2077 1855 Israel
2083 1830 2094 1848 ‚
2104 1799 2146 1848 ά·

395 1862 559 1916 miftrunt
566 1865 604 1901 in
609 1859 778 1914 pub'licum
789 1869 1010 1906 carcerem‚vt
1019 1856 1280 1908 adduceremur.
1689 1857 1694 1860 ”

442 1934 490 1959 22
533 1917 710 1970 tylslinistri
720 1928 834 1955 autem
845 1912 920 1954 crim
927 1913 1182 1970 vemffinssnon
1192 1917 1403 1953 inuenerunt
1414 1927 1481 1954 eos.
1502 1921 1619 1969 Itaque
1628 1912 2145 1968 reuersi,nunciarunt‚dice6tes:

440 1989 480 2026 23
521 1974 694 2014 carcerem
704 1973 845 2027 quidem
854 1975 1052 2012 inuenimus
1063 1969 1204 2024 claufiam
1213 1984 1286 2010 cum
1295 1974 1392 2013 omni
1400 1970 1638 2027 diligentias&
1649 1970 1797 2024 custodes
1792 1972 1931 2026 stantes
1940 1972 1991 2012 ad
1996 1974 2148 2019 ianuam,

400 2042 515 2087 aperto
525 2042 637 2070 autem
649 2031 963 2077 carcere,neminem
971 2030 1065 2067 intus
1074 2030 1285 2067 inuenimm.

445 2105 467 2128 2
473 2104 499 2136 4
542 2086 612 2128 Vbi
622 2087 808 2126 audierunt
816 2082 1218 2139 hustrmonesfinnmus
1227 2082 1386 2139 Pontifex
1395 2084 1434 2132 ἀ
1439 2082 1611 2141 praefeffus
1620 2081 1747 2139 templi,
1758 2082 1994 2138 &ficerdetes
2003 2083 2100 2136 anxq*
2107 2095 2149 2122 ιο

403 2157 484 2185 rant
504 2156 586 2199 uper
595 2142 645 2183 his
655 2173 664 2190 ‚
678 2143 845 2196 quidnam
854 2142 916 2182 hoc
924 2142 1010 2197 effi‘t.

451 2214 493 2252 25
530 2198 642 2247 Perrh,
653 2200 795 2253 quidam
805 2200 997 2239 adueniens
1007 2228 1017 2245 ,
1027 2200 1206 2239 nuntiauit
1214 2197 1531 2247 medianda-Ecce
1541 2196 1698 2237 homines
1707 2210 1791 2252 quos
1797 2194 1982 2251 paſsicratis
1991 2199 2031 2236 in
2039 2211 2151 2237 carce-

405 2257 592 2308 rem‚stant
599 2259 638 2294 in
647 2257 768 2309 templo
779 2257 938 2295 docentes
946 2256 1115 2310 populum.

443 2319 498 2408 36
545 2319 646 2351 Tunc
653 2309 773 2351 abiens
777 2311 953 2369 praefei‘ius
963 2326 1037 2351 cum
1045 2315 1229 2362 ministris,
1235 2311 1389 2352 adduxit
1398 2326 1454 2352 eos
1455 2311 1532 2365 fine
1539 2312 1592 2350 vi.
1602 2308 1770 2351 timebant
1777 2312 1870 2351 enim
1876 2310 2037 2367 populum
2047 2324 2092 2349 ne
2099 2310 2153 2353 la-

402 2383 442 2426 pi
469 2379 622 2407 arentur.

446 2436 479 2469 17K
512 2425 665 2457 Hastenus
673 2423 800 2457 narrauit
810 2426 914 2461 Lucas,
924 2423 1038 2456 aristam
1047 2422 1127 2455 fuisse
1135 2422 1293 2456 Ecclesiam
1304 2423 1460 2456 hominum
1471 2423 1768 2466 numermmagnific&
1776 2433 1909 2454 ornatam
1922 2422 2006 2455 variis
2017 2421 2154 2459 dotibus,

408 2469 558 2502 miraculis
567 2467 731 2502 excelluisse
739 2489 749 2503 ‚
757 2467 884 2500 floruisse
894 2470 1023 2510 denique
1032 2468 1094 2499 illic
1102 2469 1198 2499 modis
1207 2468 1350 2498 omnibus
1359 2467 1466 2498 Christi
1478 2477 1612 2508 regnum:
1624 2467 1702 2498 nunc
1713 2469 1820 2508 incipit
1838 2478 1952 2499 narrare
1962 2489 1971 2504 ‚
1981 2468 2026 2498 his
2036 2468 2072 2498 de
2084 2479 2153 2499 cau-

409 2514 446 2546 sis
454 2514 602 2548 accensam
613 2513 697 2545 fuisse
708 2514 868 2554 impiorum
879 2514 990 2545 rabiem
1002 2531 1011 2546 2
1021 2522 1052 2544 vt
1062 2512 1226 2554 deintegro
1237 2511 1398 2544 violentius
1408 2511 1544 2544 saeuirent.
1562 2509 1564 2512 ’
1583 2512 1669 2543 Vnde
1686 2512 1855 2555 colligimus
1868 2535 1874 2546 ‚
1888 2512 1974 2554 quam
1983 2523 2060 2544 creco
2076 2512 2156 2544 furo-

411 2571 443 2592 te
454 2559 588 2601 impellat
597 2569 650 2591 eos
659 2558 901 2600 Sathan‚quando
909 2557 1065 2599 conspicua
1073 2557 1131 2587 Dei
1141 2557 1251 2587 virtute
1260 2555 1337 2586 adeb
1347 2567 1406 2587 non
1417 2556 1552 2590 terretur,
1561 2566 1592 2588 vt
1601 2556 1737 2587 audacius
1747 2554 1920 2597 maioreque
1932 2558 2045 2597 inipetu
2057 2566 2154 2591 ruant,
2174 2582 2175 2585 ,

399 2615 446 2637 λεις
456 2602 483 2636 se
492 2604 647 2646 projiciant
656 2601 734 2645 quasi
743 2602 778 2633 ad
789 2602 890 2633 caelum
900 2601 992 2644 ipsum
1004 2602 1209 2634 euertendum.
1241 2603 1308 2632 Haec
1318 2610 1397 2636 tanta
1405 2602 1516 2632 caecitas
1527 2622 1537 2636 ,
1553 2610 1586 2633 vt
1596 2600 1634 2632 est
1651 2601 1804 2632 horribilis
1823 2602 1882 2631 Dei
1893 2600 1979 2636 vitio,
1990 2611 2112 2632 monere
2122 2610 2155 2632 o-

413 2659 497 2681 mnes
506 2648 610 2684 debet,
619 2657 650 2679 vt
662 2647 690 2678 se
700 2646 812 2678 mature
821 2649 888 2678 Deo
898 2646 1064 2682 subiiciant,
1074 2656 1112 2677 ne
1122 2648 1153 2678 δε
1164 2643 1216 2686 ipsi
1227 2643 1326 2686 spiritu
1337 2645 1491 2687 vertiginis
1500 2645 1640 2687 correpti,
1651 2646 1721 2678 dum
1731 2645 1901 2687 impingunt
1910 2655 2012 2676 contra
2024 2647 2084 2677 Dei
2095 2656 2156 2676 rna-

413 2703 500 2728 num,
508 2693 546 2724 ab
555 2691 612 2733 ipsa
622 2702 824 2724 conterantur.
847 2692 978 2723 Sciamus
988 2690 1112 2726 interea,
1121 2693 1219 2722 Deum
1232 2689 1269 2721 sic
1277 2689 1354 2722 velle
1364 2689 1522 2721 Ecclesiam
1534 2689 1610 2721 suam
1621 2690 1711 2722 bonis
1720 2689 1922 2731 spiritualibus
1932 2700 2041 2731 augere
2054 2713 2062 2726 ,
2071 2701 2103 2721 vt
2114 2700 2157 2721 ta-

415 2748 486 2770 men
494 2738 592 2770 vexari
603 2737 640 2768 ab
655 2737 755 2778 impiis
763 2737 926 2778 permittar.
944 2736 1027 2778 ‘Ergo
1038 2746 1092 2767 nos
1101 2734 1212 2777 semper
1229 2734 1263 2765 ad
1275 2744 1420 2766 certamen
1431 2744 1547 2775 paratos
1564 2731 1623 2765 effe
1638 2743 1768 2774 oportet.
1789 2737 1895 2775 Neque
1914 2735 1994 2765 enim
2014 2734 2157 2766 diffimilis

415 2782 457 2814 est
467 2781 558 2814 hodie
567 2781 663 2813 nostra
672 2782 759 2813 ratio.
785 2780 933 2822 Praecipue
945 2780 1058 2822 agnitio
1068 2779 1214 2811 donorum
1225 2778 1302 2814 Dei,
1314 2780 1422 2820 quibus
1432 2778 1457 2810 se
1468 2779 1556 2810 nobis
1566 2776 1658 2810 adesse
1668 2779 1800 2811 testatur,
1811 2778 1959 2810 animosos
1968 2778 2090 2810 reddere
2101 2788 2157 2809 nos

416 2827 520 2863 debet,
531 2837 568 2859 ne
579 2835 687 2859 terreat
695 2836 753 2858 nos
762 2824 923 2868 impiorum
931 2823 1016 2858 furor
1026 2827 1057 2858 δε
1067 2824 1194 2857 audacia.
1216 2825 1291 2854 Nam
1303 2824 1361 2855 haec
1371 2824 1534 2856 consolatio
1553 2823 1593 2855 est
1603 2826 1663 2855 no'n
1673 2823 1813 2867 vulgaris,
1825 2833 1917 2866 quum
1936 2823 2040 2856 scimus
2054 2826 2156 2856 Deum

416 2872 505 2902 nobis
514 2869 619 2903 adesse.

462 2916 521 2953 Q
533 2928 544 2947 1
569 2927 588 2948 c
599 2927 618 2948 v
629 2928 652 2946 rt
674 2927 692 2946 a
706 2927 724 2945 o
749 2926 765 2945 a
779 2926 796 2945 it
810 2925 826 2944 Α
841 2925 858 2944 n
873 2911 924 2953 τ.)
945 2915 1003 2945 Eos
1013 2912 1152 2955 intelligit
1160 2911 1210 2954 qui
1220 2911 1333 2944 summo
1342 2912 1480 2944 Pontifici
1493 2912 1714 2944 coniunctiores
1725 2922 1826 2947 erant,
1837 2921 1964 2954 quorum
1980 2909 2020 2941 vti
2032 2909 2158 2943 consilio

418 2956 545 2994 solebat,
555 2963 585 2992 &
595 2970 672 3002 quos
684 2959 815 2990 habebat
826 2968 860 2989 ex
869 2968 937 2989 toto
949 2958 1054 2990 ordine
1066 2957 1142 3000 quasi
1153 2956 1285 2992 selenites,
1299 2967 1358 2987 non
1370 2957 1482 2989 iudicio
1493 2959 1626 2999 quidem,
1638 2956 1685 2988 sed
1694 2954 1830 2988 faffionis
1839 2957 1890 2989 sttoe
1898 2965 1998 2987 amore
2009 2957 2039 2986 Sc
2049 2954 2157 2987 studio:

421 3012 454 3034 vt
463 3013 534 3035 tunc
541 3003 651 3046 absque
659 3003 774 3046 pudore
783 3001 928 3035 hostiliter
937 3003 1014 3034 inter
1025 3002 1052 3034 se
1062 3002 1222 3034 certabant.
1232 3000 1339 3036 Porro,
1349 3004 1437 3032 Lucas
1445 3003 1552 3034 iterum
1567 3002 1687 3044 repetit,
1697 3001 1871 3033 Sadducaeos
1879 2998 1971 3033 fuiffe,
1981 3009 2072 3041 penes
2081 3010 2160 3041 quos

420 3056 492 3079 tunc
501 3058 598 3080 rerum
607 3048 743 3079 omnium
754 3046 880 3089 potestas
889 3057 950 3078 erat
963 3057 1011 3078 :vt
1027 3047 1250 3079 sciamustotam
1269 3045 1397 3077 Ecclesia
1414 3047 1663 3088 gubernationem
1681 3046 1828 3078 horrenda
1838 3045 1970 3077 vastitate
1986 3054 2057 3075 tunc
2073 3043 2159 3077 fuisse

419 3089 578 3124 confusam:
590 3102 680 3134 quum
690 3092 756 3123 talis
766 3092 839 3123 seth
848 3091 993 3122 dominari
1003 3092 1147 3132 potuerit.
1169 3091 1225 3123 Sed
1236 3090 1264 3121 in
1277 3090 1335 3121 hoc
1350 3089 1461 3121 scilicet
1480 3101 1643 3123 extremum
1655 3091 1796 3132 probrum
1813 3091 1897 3121 Deus
1912 3088 2088 3131 synagogam
2107 3089 2161 3120 de-

421 3136 515 3179 mergi
526 3135 620 3177 passus
628 3136 677 3171 est,
689 3136 842 3178 postquam
855 3136 924 3167 inde
933 3135 1090 3167 Ecclesiam
1102 3135 1181 3167 suam
1191 3135 1399 3177 segregauerat‚
1410 3133 1471 3177 qui>
1482 3135 1627 3167 haberent
1636 3136 1733 3167 minus
1741 3133 1944 3168 excusationis,
1953 3135 2004 3175 qui
2015 3134 2112 3175 spreto
2123 3135 2160 3164 E-

421 3180 572 3223 uangelio,
582 3190 734 3212 manerent
742 3181 772 3211 in
784 3180 833 3211 tali
845 3180 985 3212 colluuie.
1010 3181 1126 3213 Interea
1135 3180 1205 3222 quid
1215 3189 1322 3222 porcos
1337 3178 1406 3210 istos
1415 3181 1533 3221 impulit
1544 3200 1552 3215 ‚
1563 3190 1637 3222 quos
1649 3179 1728 3212 nulla
1746 3177 1847 3211 futurae
1855 3179 1919 3211 vitae
1927 3190 1996 3211 cura
2005 3176 2161 3221 tangeBat,

420 3223 472 3256 nifi
483 3235 563 3257 mera
571 3224 698 3256 ambitio
713 3224 850 3255 &libido
861 3226 1019 3256 retinendae
1029 3236 1117 3267 quarn
1128 3233 1344 3265 occupauerant
1354 3223 1579 3255 dominationis?

451 3269 600 3301 Raucr'r
618 3279 699 3300 svur
718 3274 828 3304 zuo.)
850 3269 982 3299 Verbum
1005 3272 1140 3300 Graecum
1159 3269 1287 3300 retinete
1301 3267 1389 3299 malui
1403 3268 1580 3308 (pracsertim
1592 3278 1682 3311 quum
1694 3265 1728 3297 sit
1739 3266 1850 3308 alioqui
1863 3265 1928 3299 satis
1935 3265 2061 3306 tritum)
2072 3267 2161 3308 quam

419 3313 621 3346 AEmulatione
629 3312 950 3344 reddere-Generaliter
960 3314 1038 3344 enim
1051 3315 1086 3345 de
1096 3313 1232 3355 peruerso
1241 3323 1275 3346 ac
1286 3311 1421 3344 violento
1431 3313 1543 3353 impetu
1553 3313 1760 3355 loquirur,quo
1772 3310 1904 3343 feruntur
1913 3314 1942 3343 δι
1952 3310 2056 3342 ardent
2066 3312 2162 3353 hypo-

420 3357 498 3388 critae
506 3357 542 3389 ad
553 3358 616 3390 suas
627 3356 844 3399 superstitiones
853 3355 1023 3389 afferendas.
1056 3358 1141 3389 Vnde
1151 3367 1272 3400 apparet
1289 3355 1360 3400 quid
1371 3356 1466 3388 valeat
1483 3356 1639 3389 hominum
1655 3355 1735 3386 zelus
1757 3367 1855 3387 coram
1866 3359 1934 3387 Deo
1944 3378 1954 3392 ,
1963 3358 1992 3388 δι
2007 3365 2092 3396 quam
2101 3366 2162 3386 me-

418 3401 704 3438 reaturlaudem,vbi
715 3402 828 3432 tatione
838 3403 869 3431 δε
880 3400 1038 3441 prudentia
1050 3413 1111 3432 non
1122 3405 1244 3444 regitur:
1253 3402 1311 3432 hoc
1322 3400 1362 3432 est
1372 3422 1381 3436 ,
1393 3401 1444 3432 vbi
1454 3402 1593 3442 Spiritum
1606 3401 1661 3432 Dei
1675 3410 1734 3430 non
1755 3401 1844 3432 habet
1855 3400 1973 3432 ducem.
2005 3399 2103 3430 Hodie
2117 3401 2162 3430 vi-

417 3440 521 3474 demus
529 3444 682 3477 diabolico
691 3445 791 3477 furore
799 3445 941 3487 percitos,
951 3445 1001 3486 qui
1015 3456 1070 3487 prae
1079 3446 1142 3477 aliis
1152 3448 1255 3478 deuoti
1265 3445 1367 3477 haberi
1378 3445 1485 3476 volunt
1497 3467 1505 3480 ‚
1515 3444 1628 3489 grassari
1641 3445 1810 3476 immaniter
1829 3445 1865 3475 ad
1875 3443 2057 3475 fundendum
2076 3444 2163 3474 inno-

416 3486 494 3518 xium
503 3486 876 3531 sanguineJntereatamen
885 3499 1022 3521 notemus
1032 3500 1094 3522 non
1104 3490 1141 3523 de
1151 3490 1369 3522 inconsiderato
1379 3489 1446 3522 zelo
1455 3487 1504 3522 hic
1512 3490 1690 3534 agi,qualem
1701 3489 1729 3520 in
1740 3490 1844 3522 multis
1851 3489 1957 3522 Iudaeis
1967 3487 2073 3520 Paulus
2081 3486 2162 3519 fuisse

2028 3533 2164 3574 praedicat
