2310 3841
247 469 293 491 Luc
312 473 348 490 ro.

250 504 300 523 :.ro'.

383 126 439 177 μ·
943 116 1034 159 rN
1089 98 1293 157 ACTA
1337 111 1611 157 Alvos-r.⁴

383 204 473 236 initio
483 198 647 234 doCtrinam
657 194 725 231 :sed
737 207 771 230 ex
780 196 839 229 fine
851 192 994 237 colligere
1003 193 1075 225 licet
1085 214 1096 229 ,
1105 192 1142 224 de
1151 191 1287 236 doeh-ina
1295 200 1356 223 non
1372 189 1429 222 effe
1437 189 1513 222 adeo
1531 189 1687 223 solicitum.
1721 191 1838 222 Interea
1848 187 1998 225 seditionis
2016 197 2128 233 accusat

382 246 560 290 Apostolos:
572 256 637 277 nam
648 255 703 286 pro
711 241 844 275 confesso
854 240 958 275 sumit,
969 238 1120 270 Christum
1131 236 1329 268 iureoecisum
1341 234 1434 267 furffe.
1455 236 1636 278 Praecipuum
1654 245 1752 267 tamen
1768 235 1961 269 accusationis
1977 250 2065 281 caput
2074 243 2125 278 est,

383 290 688 335 qubdinobedientes
697 287 806 319 fuerint
817 283 1010 317 Sacerdotum
1025 282 1135 315 edicto.
1158 283 1283 313 Summo
1300 279 1439 312 Pontifici
1458 291 1518 311 non
1537 280 1746 322 obtemperare
1757 302 1769 316 ‚
1785 281 1909 322 capitale
1927 294 1986 315 erat
1998 297 2004 316 :
2015 296 2129 327 quanto

386 338 489 378 itaque
499 334 592 377 magis
600 333 735 375 spernere
744 341 842 364 totum
854 330 1005 360 ordinem?
1015 328 1072 359 Sed
1082 337 1143 358 non
1155 335 1271 368 reputat
1278 323 1418 356 Pontifex
1429 325 1501 367 quid
1516 327 1586 356 Deo
1603 327 1634 356 δε
1649 325 1780 356 Ecclesiae
1797 325 1920 357 vicissim
1932 329 2058 369 praestare
2077 333 2129 363 dec

389 378 549 421 beatzquasi
559 378 735 420 potestatem
747 376 855 408 habeat
864 374 984 416 legibus
993 372 1137 404 omnibus
1144 370 1268 402 solutam
1278 392 1289 406 ‚
1298 381 1331 402 ea
1341 370 1377 401 ad
1388 370 1574 411 tyrannidem
1592 370 1733 401 abutitur.
1755 370 2018 408 Quemadmodum
2036 375 2130 407 hodie

391 424 548 456 nobiscum
557 423 618 465 agit
635 424 723 463 Papa.
745 432 812 453 nam
831 429 921 462 quum
934 417 988 449 sibi
1008 415 1120 448 effraene
1130 417 1288 457 imperium
1297 425 1502 457 arroger,non
1511 414 1628 444 dubitat
1640 424 1694 444 nos
1703 425 1757 455 pro
1778 414 1965 447 schismaticis
1980 418 2131 459 damnare,

392 469 518 501 simulac
527 468 573 499 sua
583 467 700 498 decreta
710 462 982 508 repudiarianobis
1001 461 1092 493 vider.
1115 461 1228 502 Arripit
1243 459 1323 490 enim
1341 460 1407 490 istas
1424 459 1596 491 sententias:
1609 459 1671 498 Qi
1689 469 1743 489 vos
1758 459 1885 500 spernit,
1896 471 1944 491 me
1963 460 2084 503 spernit:
2096 469 2129 499 &

391 514 461 545 inde
471 511 712 554 consequentiam
723 509 845 542 deducit
855 529 864 544 ‚
874 518 929 539 nos
938 504 994 538 esse
1009 508 1078 538 Deo
1095 504 1230 537 rebelles.
1252 503 1342 546 Atqui
1353 526 1362 539 ‚
1376 513 1409 536 vt
1424 505 1555 538 audiatur
1574 512 1714 544 tanquam
1731 502 1837 534 Christi
1853 504 1964 547 legatus
1975 526 1984 540 ‚
1996 508 2085 549 ipsum
2094 521 2131 542 ex

391 557 500 591 Christi
509 568 560 588 ore
570 555 653 597 loqui
663 564 791 596 oportet.
817 556 907 585 Nunc
917 562 1007 594 quum
1015 550 1110 593 palam
1120 550 1252 581 Sathanae
1262 548 1423 579 ministrum
1435 558 1501 591 agat
1510 570 1520 584 ,
1531 557 1563 578 ex
1580 546 1689 577 Christi
1710 548 1832 578 nomine
1850 550 2059 584 authoritatem
2069 555 2130 588 sine

376 603 509 646 *pudore
520 600 618 634 &sine
630 599 899 631 coloremutuatur.
916 596 977 638 Ipsa
991 596 1080 628 etiam
1090 593 1336 636 loquendiforma
1344 603 1399 635 qua
1410 595 1499 624 vritur
1510 589 1648 624 Pontifex
1667 602 1843 634 argumento
1861 593 1917 629 est,
1930 595 2016 636 quam
2031 596 2133 640 supina

396 647 431 679 fit
441 647 558 690 quiduis
566 644 695 676 audendi
703 643 860 676 licentiain
870 640 1070 683 spiritualibus
1079 640 1210 681 tyrannis
1220 660 1229 675 ‚
1239 638 1291 680 qui
1300 638 1534 669 dominationem
1545 636 1598 667 sibi
1609 636 1743 677 vsurpant
1750 639 1846 668 verbo
1856 639 1914 670 Dei
1924 650 1983 671 non
1992 640 2130 675 subiecti.

403 705 471 724 ηε
479 703 563 722 capr
571 703 587 719 ο
599 712 609 725 ,
619 689 727 730 inquit,
738 688 940 732 praecepimus.
965 685 1051 718 Vnde
1062 695 1120 718 tam
1130 684 1262 727 praecisus
1280 684 1361 726 rigor
1372 702 1381 717 n
1391 681 1442 714 nisi
1459 684 1527 725 quia
1540 683 1600 715 fine
1619 680 1785 714 discrimine
1805 684 2011 726 excipiendum
2027 698 2135 730 putant

401 735 546 780 quicquid
561 732 702 766 iufferint.

439 839 487 870 29
544 822 758 878 Respondeas
779 831 893 861 autem
902 828 1021 861 Petrus
1030 824 1071 867 (ἐπ’
1081 819 1228 875 Apostoli
1237 847 1249 863 ,
1258 817 1426 857 dixerunt
1433 845 1444 862 ‚
1454 812 1595 855 obedire
1605 826 1735 872 opertet
1743 818 1852 873 magis
1861 825 1935 858 Deo
1958 819 2061 875 quim
2070 821 2138 871 ho..

395 879 558 922 minibus.

444 953 487 990 30
545 947 639 977 Deus
651 947 788 992 patrum
795 935 980 988 nostrorum
991 936 1154 973 excitauit
1171 932 1274 986 lefhm
1284 962 1296 980 ,
1307 945 1404 985 quem
1413 927 1721 984 vosfitspendemes
1739 933 1777 969 in
1788 931 1880 986 ligno
1889 961 1900 977 ‚
1909 933 2138 986 interemistis.

451 1010 485 1047 31
531 1001 632 1035 Hunc
642 1000 735 1033 Deus
743 996 929 1047 Principem
939 991 978 1036 ὠ·
998 996 1019 1028 S
1023 1002 1212 1030 eruatorem
1232 989 1401 1028 exultauit
1421 987 1567 1026 dextera
1575 986 1641 1040 fha
1649 1017 1660 1032 ,
1669 988 1720 1027 ad
1734 989 1799 1027 dan
1804 989 1883 1027 dam
1900 993 2138 1044 poenitemiam

407 1050 574 1107 lfraeli,&
585 1051 806 1104 remissionem
816 1059 1033 1102 peccatorum.
1384 1052 1385 1055 ’

262 1130 398 1164 mmmm„
452 1123 490 1160 32
541 1116 579 1147 N
582 1106 677 1162 bsque
688 1111 759 1145 eius
769 1104 983 1161 testesstcmus
994 1102 1036 1140 de
1054 1099 1112 1155 μί’
1129 1099 1248 1139 verbis
1258 1119 1270 1139 .·
1280 1101 1412 1156 infitper
1430 1099 1470 1146 ῤ’
1490 1101 1636 1154 Spiritus
1643 1096 1782 1153 sanlius
1792 1131 1802 1149 ‚
1815 1116 1915 1156 quem
1933 1101 2033 1142 dedit
2047 1110 2140 1141 Deus·

292 2489 389 2512 Deiras.

292 2529 345 2548 ut.

294 2557 405 2585 Sum-2².

412 1164 646 1206 obedientibus
660 1162 727 1218 ipsi.

454 1236 488 1273 33
531 1228 567 1261 H
570 1223 595 1260 a}
605 1221 729 1269 auditis
738 1213 995 1279 differ-abantur,
1006 1213 1045 1262 ῤ’
1055 1212 1224 1253 volebant
1233 1214 1379 1256 occidere
1394 1212 1484 1268 ipsos.

443 1330 477 1352 26
509 1323 576 1352 Haec
586 1320 696 1352 summa
706 1320 747 1352 est
754 1316 947 1350 defensionis:
960 1320 1057 1348 Deum
1069 1314 1244 1346 'nominibus
1251 1313 1383 1356 praeferre
1391 1314 1462 1347 licet
1474 1337 1482 1352 ,
1492 1313 1675 1347 imbnecesse
1684 1314 1734 1347 est.
1757 1317 1840 1347 Deus
1857 1325 1912 1346 nos
1925 1314 2011 1347 iubet
2025 1317 2144 1349 Christo

411 1366 536 1399 reddere
546 1365 745 1397 testimonium
759 1374 848 1405 :ergo
856 1362 957 1394 frustra
966 1361 1115 1393 silentium
1133 1360 1220 1391 nobis
1233 1360 1392 1401 imperatis.
1414 1360 1561 1392 Caeterrim
1574 1382 1583 1396 ‚
1594 1360 1821 1403 quandolocum
1839 1359 1945 1393 habeat
1955 1361 2014 1392 haec
2029 1361 2147 1393 senten-

411 1412 454 1443 tia
465 1433 473 1446 ,
484 1412 554 1441 Deo
565 1411 658 1453 magis
668 1408 874 1441 obediendum
892 1405 946 1438 esse
965 1406 1051 1449 quam
1069 1405 1260 1440 hominibus,
1270 1404 1351 1446 supra
1361 1415 1447 1446 cap.3.
1458 1405 1587 1448 exposui.
1609 1407 1656 1436 Sic
1675 1408 1758 1436 Deus
1774 1405 1862 1436 nobis
1878 1405 2015 1436 homines
2029 1407 2147 1448 praeficit

413 1466 483 1488 cum
494 1456 638 1496 potestate
649 1476 658 1490 ‚
669 1465 701 1486 vt
711 1454 792 1486 suurn
802 1451 855 1483 sibi
867 1453 911 1483 ius
921 1453 1072 1494 integrum
1081 1450 1346 1489 retineat.Eatenus
1357 1460 1428 1492 ergo
1439 1452 1475 1482 iis
1486 1451 1535 1492 qui
1547 1450 1666 1491 praesunt
1675 1461 1739 1481 mos
1753 1449 1917 1492 gerendus,
1926 1459 1958 1481 vt
1975 1461 2035 1481 non
2053 1452 2149 1482 viole-

415 1510 462 1541 tur
474 1501 532 1531 Dei
541 1500 711 1541 imperium.
734 1497 792 1529 Vbi
801 1497 955 1540 legitimus
964 1497 1003 1527 est
1014 1494 1165 1536 potestatis
1176 1493 1258 1527 vsus,
1269 1494 1475 1535 intempestiua
1485 1495 1524 1526 est
1532 1496 1588 1526 Dei
1599 1497 1630 1526 δε
1649 1494 1781 1526 hominis
1798 1494 1992 1535 comparatio.
2015 1496 2043 1526 Si
2053 1496 2149 1528 fidelis

417 1545 514 1588 pastor
522 1555 559 1577 ex
567 1543 881 1576 Deiverboiubeatac
897 1539 1107 1576 vetet,frustra
1116 1538 1266 1570 obiicient
1275 1536 1414 1580 praefracti
1431 1540 1663 1571 homines‚Deo
1679 1537 1735 1570 esse
1754 1538 1969 1570 obediendum.
1991 1540 2151 1572 Vulrenim

421 1593 506 1622 Deus
514 1601 567 1632 per
576 1589 731 1620 hominem
741 1586 843 1618 audiri.
866 1585 933 1616 lmb
945 1583 1120 1616 homonihil
1138 1582 1217 1613 aliud
1230 1582 1270 1613 est
1282 1604 1291 1617 ‚
1303 1583 1390 1623 quam
1407 1584 1466 1614 Dei
1486 1593 1639 1625 organum.
1661 1583 1690 1613 Si
1709 1583 1890 1625 magistratus
1906 1582 1959 1614 rite
1982 1584 2081 1615 officio
2096 1583 2150 1615 suo

422 1632 583 1676 fungatur,
596 1630 859 1674 praepostereillum
868 1640 935 1661 curn
944 1631 1013 1659 Deo
1023 1626 1165 1670 quispiam
1182 1625 1349 1658 committet
1359 1647 1367 1661 ‚
1380 1638 1470 1668 quum
1488 1627 1562 1658 nihil
1579 1627 1685 1658 habeat
1701 1626 1922 1659 dissentaneum.
1946 1629 2030 1667 Qin
2049 1629 2151 1670 potins

420 1687 493 1709 tunc
503 1677 579 1710 valet
588 1675 699 1708 diuersa
707 1673 807 1717 regula
815 1685 822 1705 :
830 1676 945 1705 VtDeo
954 1673 1149 1715 obsequamur
1158 1693 1169 1708 ,
1178 1672 1337 1712 parendum
1347 1670 1402 1702 effe
1411 1673 1472 1703 eius
1482 1672 1618 1703 ministris
1629 1671 1731 1703 eadem
1744 1673 1771 1703 in
1781 1671 1952 1713 parentibus
1969 1675 2002 1703 δε
2020 1672 2153 1705 dominis

420 1722 510 1754 ratio.
534 1719 641 1753 Verum
652 1742 662 1756 ,
673 1719 855 1761 simulatque
869 1717 952 1749 aDei
971 1717 1147 1748 obedientia
1161 1726 1215 1746 nos
1231 1715 1383 1747 abducunt
1402 1715 1548 1756 praefecti,
1558 1717 1698 1757 quoniam
1715 1715 1850 1757 sacrilega
1871 1716 1990 1746 audacia
2009 1727 2074 1748 cum
2084 1721 2155 1748 Deo

423 1764 588 1807 confligunt
599 1787 607 1800 ,
618 1763 818 1807 cogendisunt
828 1763 857 1792 in
867 1761 946 1793 suum
956 1761 1093 1791 ordinem
1103 1779 1112 1794 ,
1123 1770 1153 1790 vt
1163 1762 1246 1789 Deus
1255 1770 1321 1789 curn
1333 1758 1378 1790 sua
1396 1760 1573 1791 authoritate
1591 1760 1729 1791 emineat.
1752 1762 1837 1790 Tunc
1855 1758 2032 1791 euanescunt
2047 1771 2155 1793 omnes

421 1811 573 1842 honorum
583 1807 666 1839 fumi.
689 1811 796 1849 Neque
806 1806 885 1837 enim
897 1804 1070 1835 honorificis
1081 1803 1175 1834 titulis
1184 1802 1320 1844 dignatur
1331 1803 1467 1835 homines
1475 1806 1558 1835 Deus
1568 1826 1577 1839 ‚
1588 1804 1638 1845 qui
1656 1803 1732 1834 suam
1751 1804 1875 1847 gloriam
1886 1802 2054 1836 obscurent.
2075 1807 2155 1849 Ergo

423 1855 443 1886 fi
454 1865 533 1896 pater
543 1852 633 1896 gradu
643 1852 693 1883 suo
702 1862 762 1882 non
772 1859 930 1881 contentus
938 1848 1082 1880 summum
1090 1847 1184 1880 Patris
1193 1847 1338 1879 honorem
1348 1850 1416 1878 Deo
1425 1850 1538 1890 eripere
1549 1858 1642 1879 tentat
1653 1867 1662 1882 ‚
1673 1849 1747 1881 nihil
1767 1848 1807 1880 est
1824 1846 1911 1890 quam
1929 1847 2031 1879 homo.
2053 1851 2081 1881 Si
2092 1854 2156 1883 Rex

422 1909 474 1931 aut
481 1898 623 1938 Princeps
633 1918 643 1933 ,
654 1895 692 1926 eb
701 1897 790 1937 vsque
799 1893 827 1925 se
836 1893 950 1925 extollit
959 1902 1008 1928 ‚vt
1015 1893 1073 1923 Dei
1084 1892 1230 1922 honorem
1243 1902 1275 1922 ac
1286 1894 1331 1923 ius
1344 1892 1455 1925 minuar
1464 1903 1543 1929 ,non
1554 1892 1606 1923 nisi
1615 1892 1708 1924 horno
1720 1892 1767 1925 est.
1791 1893 1874 1924 Idem
1885 1894 1916 1924 δε
1932 1893 1967 1924 de
1986 1893 2157 1927 Pastor-rbus

423 1941 621 1975 sentiendum.
645 1941 708 1986 Qi
721 1940 800 1971 enim
811 1948 918 1971 munus
929 1936 1011 1969 suum
1021 1935 1248 1980 transgreditur,
1266 1937 1333 1978 quia
1341 1939 1410 1969 Deo
1421 1936 1448 1968 se
1464 1938 1610 1980 opponit,
1625 1936 1792 1980 spoliandus
1809 1937 1849 1969 est
1859 1936 1982 1972 honoris
1997 1936 2036 1968 sui
2054 1940 2158 1977 titulo,

425 1998 464 2019 ne
472 1986 524 2018 sub
542 1986 621 2017 larua
631 1985 767 2027 decipiat.
798 1983 969 2015 Praeclarum
980 1981 1020 2013 est
1029 1981 1154 2013 Pastoris
1164 1991 1288 2017 munus,
1306 1993 1410 2025 magna
1419 1981 1551 2016 Ecclefiae
1567 1982 1713 2024 dignitas:
1732 1982 1835 2015 verum
1853 1992 1891 2013 ne
1907 1982 1978 2023 quid
1995 1984 2052 2013 Dei
2071 1994 2159 2025 pote-

426 2032 497 2064 state
506 2027 674 2072 Christique
684 2028 852 2073 magisterio
862 2028 1034 2069 derogetur.
1066 2027 1151 2058 Vnde
1159 2025 1300 2068 colligere
1309 2037 1479 2069 promptum
1490 2027 1530 2058 est
1541 2048 1551 2062 ‚
1571 2027 1724 2058 ridiculam
1739 2026 1794 2059 esse
1805 2029 1888 2068 Papae
1904 2026 2069 2058 iactantiam
2080 2050 2089 2064 ‚
2107 2026 2159 2070 qui

426 2078 496 2109 dum
507 2075 633 2119 pedibus
642 2073 734 2107 calcat
743 2084 841 2107 totum
853 2072 960 2104 Christi
971 2081 1096 2115 regnum
1107 2093 1118 2108 ,
1137 2073 1168 2103 &
1179 2070 1273 2114 palam
1281 2070 1415 2104 aduersus
1423 2076 1522 2105 Deum
1534 2067 1674 2114 insurgit,
1691 2073 1755 2104 vult
1772 2082 1873 2105 tamen
1888 2069 1940 2102 sub
1958 2072 2017 2103 Dei
2035 2075 2160 2106 nomine

420 2119 523 2154 latere.

461 2177 495 2206 30
529 2167 559 2195 D
570 2177 587 2196 E
599 2175 617 2196 v
631 2176 643 2193 s
671 2176 686 2194 ι>
703 2177 718 2194 Α
732 2175 749 2194 τ
761 2174 805 2195 nv
818 2162 874 2203 Μ.)
904 2162 952 2194 Ad
971 2160 1147 2204 hypothesin
1167 2161 1346 2194 descendunt
1357 2183 1366 2197 ‚
1382 2170 1415 2193 vt
1433 2159 1460 2192 se
1478 2171 1538 2192 non
1555 2160 1667 2194 temere
1683 2171 1737 2203 pro
1753 2159 1849 2192 nihilo
1867 2159 1974 2194 duxiffe
1992 2159 2162 2197 ostendant,

433 2209 516 2252 quod
531 2208 585 2240 sibi
603 2209 619 2240 ὲ
645 2207 855 2239 Sacerdotibus
872 2208 1042 2239 mandatum
1062 2206 1167 2239 fuerat.
1188 2211 1294 2247 Neque
1312 2209 1392 2237 enim
1405 2228 1414 2242 ‚
1431 2205 1529 2237 vtiam
1549 2206 1606 2237 dixi
1621 2228 1631 2241 ,
1651 2207 1750 2237 locum
1768 2205 1857 2237 habet
1875 2207 1933 2237 Dei
1952 2209 1984 2238 δε
2001 2206 2161 2237 hominum

433 2254 636 2294 comparatio,
655 2251 708 2283 nisi
719 2262 808 2293 quum
819 2251 928 2293 aliquid
940 2252 979 2282 est
996 2252 1189 2285 contrarium.
1225 2252 1306 2283 Hinc
1325 2261 1398 2292 ergo
1415 2251 1544 2292 probant
1560 2249 1586 2280 se
1604 2250 1662 2281 Dei
1683 2252 1792 2281 timore
1807 2250 1873 2292 cogi
1893 2250 1928 2280 ad
1945 2250 2163 2291 repudiandum

434 2297 631 2329 sacerdotum
641 2296 808 2327 mandatum
819 2308 826 2326 2
838 2296 906 2337 quia
926 2297 1006 2336 quod
1018 2297 1037 2339 ij
1055 2307 1156 2328 vetant
1169 2318 1179 2332 ,
1197 2298 1280 2327 Deus
1295 2295 1405 2326 iubeat.
1428 2295 1531 2326 Primo
1548 2295 1647 2336 itaque
1664 2294 1734 2325 loco
1750 2293 1850 2325 dicunt
1863 2315 1872 2330 ‚
1889 2295 2039 2326 Christum
2055 2293 2136 2326 fuisse
2147 2295 2165 2326 εὶ

434 2344 503 2373 Deo
516 2354 532 2373 ε
544 2351 562 2372 x
572 2352 590 2372 c
602 2351 610 2370 ι
622 2353 639 2371 -r
653 2353 670 2371 Α
681 2352 699 2370 τ
711 2352 728 2370 ν
741 2352 761 2370 Μ
771 2340 1061 2382 ‚vulgariScripturae
1072 2351 1164 2371 more.
1187 2340 1290 2371 Paffim
1300 2340 1378 2369 enim
1389 2340 1519 2370 occurrit
1529 2340 1583 2380 hec
1592 2340 1706 2370 locutio
1716 2361 1725 2374 ,
1741 2339 1891 2370 Excitatos
1901 2337 2006 2371 fuiffea
2015 2341 2082 2369 Deo
2091 2342 2163 2370 Pro·

434 2387 540 2428 phetas
550 2408 559 2421 ,
569 2385 614 2416 vel
625 2384 741 2415 iudices
750 2405 760 2419 ,
775 2384 821 2414 vel
831 2384 904 2414 alios
915 2382 1063 2414 ministros
1072 2404 1081 2418 ,
1097 2384 1205 2423 quibus
1215 2384 1251 2415 ad
1262 2393 1400 2424 magnum
1412 2383 1532 2423 aliquod
1541 2393 1616 2422 opus
1626 2384 1666 2414 vri
1678 2384 1824 2415 decreuit:
1835 2383 1915 2424 quod
1931 2382 2103 2414 tantundem
2114 2395 2165 2415 va-

433 2431 477 2462 let
488 2441 576 2472 arque
587 2428 767 2461 imbecillam
778 2426 834 2458 esse
842 2427 1006 2468 quamlibet
1015 2436 1120 2457 naturae
1129 2427 1317 2467 praestantiam
1328 2447 1337 2460 ,
1360 2424 1410 2455 nisi
1422 2427 1619 2465 peculiaribus
1629 2427 1716 2460 donis
1734 2439 1786 2459 eos
1803 2430 1884 2458 Deus
1898 2428 2015 2459 instruat
2027 2449 2036 2464 ‚
2055 2429 2166 2469 quibus

435 2476 575 2507 eximium
586 2472 708 2516 aliquod
719 2472 765 2504 vel
775 2473 940 2513 praelatum
954 2480 1060 2500 munus
1069 2470 1208 2512 iniungit.
1228 2469 1314 2500 Forte
1322 2469 1409 2500 etiarn
1419 2470 1553 2502 alludunt
1565 2470 1600 2501 ad
1611 2471 1760 2503 celebrem
1778 2473 1860 2503 illum
1877 2471 1965 2503 Mofis
1978 2473 2076 2503 locum
2088 2495 2097 2508 ‚
2107 2475 2167 2514 que

438 2520 468 2551 in
478 2520 569 2561 prima
580 2518 626 2549 sua
636 2518 783 2548 concione
799 2519 903 2546 Petrus
922 2514 1034 2546 citauit.
1055 2514 1240 2545 Nomi-natim
1254 2525 1274 2544 r>
1288 2525 1304 2544 ε
1317 2524 1336 2544 ν
1346 2525 1367 2543 Μ
1393 2525 1407 2543 p
1422 2526 1437 2544 A
1452 2526 1468 2544 τ
1480 2527 1495 2544 rr
1506 2526 1521 2546 a
1538 2527 1558 2544 m
1570 2516 1724 2548 authorem
1745 2517 1853 2551 citant,
1873 2528 1904 2548 vt
1921 2517 2062 2548 testentur·
2072 2514 2098 2549 se
2111 2529 2167 2549 no-

442 2576 507 2596 uam
516 2562 670 2605 religionis
680 2560 805 2592 formam
817 2558 940 2590 minime
950 2559 1107 2594 inducere,
1123 2568 1172 2589 aur
1181 2558 1326 2589 nouitium
1338 2556 1465 2599 aliquem
1483 2561 1580 2590 Deum
1601 2561 1762 2592 obtrudere
1780 2561 1902 2602 populo.
1926 2561 2074 2591 Diluenda
2084 2563 2164 2593 enim

443 2619 505 2641 erat
515 2609 658 2638 calumnia
669 2616 726 2648 qua
736 2604 763 2636 se
772 2603 885 2646 grauari
896 2602 1044 2634 sciebant:
1063 2601 1255 2645 quasiaLege
1271 2612 1304 2632 ac
1323 2601 1483 2642 Prophetis
1502 2603 1643 2645 populum
1661 2606 1806 2635 abducere
1822 2613 1977 2635 tentarent.
2001 2608 2070 2637 Non
2083 2605 2165 2645 φὼς]

440 2654 553 2687 cultum
564 2647 751 2693 quemlibeta
761 2649 924 2679 Maioribus
933 2657 1084 2687 receptum
1094 2648 1222 2688 probent
1233 2668 1241 2681 ,
1258 2644 1337 2677 sicuti
1348 2646 1463 2687 profani
1476 2647 1612 2678 homines
1620 2649 1679 2681 hoc
1690 2648 1749 2680 solo
1761 2659 1937 2691 argumento
1946 2650 2078 2680 contenti
2089 2650 2165 2687 sunt,

439 2701 543 2730 Patres
552 2696 589 2727 ita
601 2692 731 2726 docuisse
740 2713 749 2727 2
760 2693 832 2724 nihil
842 2691 868 2723 se
877 2703 964 2735 agere
974 2690 1026 2722 nisi
1037 2702 1073 2723 ex
1083 2688 1518 2731 moreinstitutoqueMa‘iorum
1530 2691 1652 2724 :sedhic
1661 2694 1793 2736 Apostoli
1807 2705 1821 2724 ι»
1836 2704 1851 2722 Α
1866 2705 1883 2723 τ
1899 2705 1917 2722 κ
1929 2706 1946 2724 a
1960 2707 1972 2725 s
1983 2693 2167 2736 intelligunt,

438 2740 612 2785 quibuscum
621 2739 721 2771 foedus
729 2737 809 2769 suum
819 2739 902 2768 Deus
911 2737 1063 2779 pepigerat
1071 2757 1080 2772 ,
1096 2735 1148 2778 qui
1158 2736 1266 2767 restam
1275 2733 1435 2777 puramque
1445 2737 1607 2768 dodirinam
1619 2737 1705 2769 secuti
1717 2748 1798 2768 erant
1809 2759 1819 2773 ,
1836 2738 1885 2779 qui
1897 2736 1994 2769 salutis
2003 2740 2167 2779 promiffio.

438 2798 508 2819 nem
520 2797 586 2818 vera
596 2785 655 2815 fide
665 2783 792 2824 amplexi
803 2791 886 2813 erant
895 2801 904 2815 ,
915 2782 964 2824 qui
974 2780 1102 2823 denique
1111 2780 1258 2824 originem
1269 2779 1418 2811 ducebant
1428 2780 1445 2811 a
1463 2781 1564 2813 caelesti
1580 2784 1682 2820 Patre,
1693 2785 1723 2815 δε
1743 2783 1791 2825 qui
1807 2792 1859 2825 per
1876 2783 2068 2825 Vnigenitum
2085 2794 2169 2816 etant

443 2840 620 2864 communes
632 2830 690 2859 Dei
699 2828 751 2872 filij
763 2828 820 2858 vna
829 2825 959 2857 cuiusuis
969 2825 1100 2867 posteris.
2010 2858 2013 2860 ¹

486 2887 534 2913 ευ]
547 2886 564 2905 1³
577 2886 598 2905 M
619 2885 637 2905 v
648 2885 666 2903 o
680 2872 719 2913 s.)
745 2875 810 2902 Hoc
821 2870 958 2902 membro
969 2868 1138 2901 manifestos
1146 2866 1200 2899 effe
1209 2868 1268 2899 Dei
1286 2868 1385 2900 hostes
1403 2880 1567 2912 coarguunt
1587 2869 1796 2913 Apostoli,qui
1815 2869 1867 2901 fibi
1884 2879 2018 2911 tanquam
2037 2870 2170 2903 Ecclefiae
2189 2896 2192 2900 .

449 2919 616 2959 praesulibus
630 2940 639 2952 ‚
647 2917 791 2947 summum
802 2915 905 2947 haberi
914 2915 1061 2946 honorem
1069 2913 1219 2956 volebant.
1239 2913 1325 2943 Vnde
1335 2912 1461 2955 sequitur
1471 2936 1479 2949 ‚
1488 2915 1626 2957 indignos
1636 2913 1692 2946 ess‘e
1700 2915 1749 2956 qui
1759 2914 1806 2945 vel
1816 2915 1971 2946 minimum
1981 2915 2170 2948 authoritatis

450 2962 589 2994 habeant.
613 2963 794 3003 Qanquam
804 2959 935 2991 simulest
944 2959 1103 3001 occupatio
1113 2980 1122 2993 ‚
1133 2956 1244 3000 signum
1254 2957 1368 2988 fiduciae
1377 2980 1386 2994 ,
1396 2959 1447 2989 vbi
1458 2959 1536 2990 vltrb
1547 2963 1577 2991 &
1588 2960 1681 2991 libere
1698 2959 1828 3001 predicat
1845 2957 1924 3001 quod
1935 2956 1976 2988 illi
1996 2958 2169 2999 pudendum

453 3007 620 3038 ducebant:
631 3005 785 3036 nescilicet
795 3005 928 3036 videatur
936 3005 1093 3046 quicquam
1105 3002 1292 3034 imminutum
1305 3002 1340 3032 de
1352 3002 1457 3034 Christi
1469 3004 1564 3046 gloria
1574 3026 1582 3039 ‚
1598 3004 1678 3046 quod
1695 3002 1918 3046 ignominiosam
1929 3003 1957 3032 in
1976 3005 2172 3037 cruce'morte

454 3052 595 3093 pertulit:
612 3048 796 3080 acfidictum
807 3047 894 3082 esset,
912 3051 973 3080 Vos
981 3048 1103 3090 quidem
1113 3058 1181 3078 eum
1198 3046 1384 3078 interemistis
1395 3070 1402 3082 ‚
1421 3058 1475 3078 nec
1493 3047 1610 3090 fimplex
1627 3059 1707 3079 mors
1722 3058 1772 3079 aut
1789 3047 1913 3088 vulgaris
1924 3068 1932 3081 ‚
1949 3045 2057 3078 saeuitiae
2073 3050 2172 3080 vestrae

455 3093 602 3128 satisfuit:
619 3092 762 3134 suspensus
771 3092 914 3125 enimfuit
924 3094 955 3124 in
965 3092 1058 3135 ligno.
1080 3092 1137 3122 Sed
1148 3101 1243 3132 neque
1251 3101 1333 3121 mors
1347 3092 1517 3134 extinguere
1533 3094 1596 3124 eius
1612 3093 1749 3124 virtuter-n
1762 3101 1834 3126 ‚nec
1850 3091 1978 3122 dedecus
1997 3091 2038 3123 illi
2050 3093 2066 3123 Ξι
2084 3094 2172 3124 vobis

458 3139 584 3170 inustum
595 3137 829 3173 ,eiushonorem
838 3137 959 3168 abolere
967 3137 1075 3178 potuit.
1095 3136 1186 3167 Firma
1194 3136 1322 3177 igitur&
1339 3145 1399 3166 rata
1413 3147 1510 3167 manet
1524 3138 1581 3168 Dei
1591 3137 1802 3177 vocatio-Ergo
1819 3133 2105 3168 ficutSacexdoribus
2115 3137 2174 3170 sce-

458 3184 508 3216 lus
517 3183 554 3213 ab
565 3180 778 3212 illisadmiffum
798 3185 829 3214 δε
845 3183 1027 3222 impietatem
1046 3180 1223 3221 exprobrant
1232 3178 1380 3221 Apostoli:
1393 3179 1431 3210 ita
1449 3180 1573 3220 speciem
1591 3181 1735 3222 probrosae
1751 3179 1854 3210 mortis
1868 3190 1924 3220 qua
1941 3178 2059 3212 effestus
2078 3180 2174 3214 fuerat

460 3227 657 3267 Christus,per
667 3225 883 3257 concessionem
893 3227 1056 3267 exprimere
1064 3225 1233 3265 anticipant,
1243 3234 1279 3254 ne
1288 3222 1400 3254 sceleris
1408 3225 1547 3256 authores
1556 3225 1634 3267 quasi
1645 3222 1852 3266 parrawvifsoria
1862 3224 2003 3256 exultent.

491 3284 519 3311 31
551 3274 622 3302 an
631 3280 648 3300 c
661 3281 744 3300 navs
756 3282 770 3300 p
778 3281 830 3300 nm
838 3269 1120 3311 crnnm.)Quicquid
1129 3279 1200 3311 ergo
1211 3267 1364 3299 machinati
1373 3267 1437 3298 sunt
1447 3268 1603 3314 impij‚non
1614 3269 1727 3300 obstare
1736 3267 1863 3308 Apostoli
1874 3267 2046 3310 significant,
2055 3268 2172 3310 quomi-

462 3326 517 3346 nus
527 3313 690 3346 iniunsturn
701 3313 753 3343 sibi
763 3314 872 3344 aparte
880 3324 985 3343 munus
994 3313 1125 3344 Christus
1135 3319 1262 3354 peragat.
1297 3322 1430 3343 oaxrrm
1459 3323 1517 3344 oar
1540 3325 1593 3354 pro
1601 3314 1716 3344 Virtute
1725 3312 1771 3341 bfc
1782 3313 1900 3353 capitur.
1919 3315 2023 3354 Neque
2034 3314 2112 3343 enim
2124 3310 2172 3345 hic

462 3360 568 3391 eadem
579 3359 620 3390 est
629 3357 801 3398 metaphora
812 3367 872 3398 quae
879 3358 959 3398 prius
968 3368 1055 3396 capa..
1068 3360 1099 3388 δε
1110 3368 1172 3399 quae
1181 3357 1250 3387 alibi
1260 3355 1329 3397 saepe
1336 3356 1464 3387 occurrit
1473 3377 1483 3390 ‚
1501 3367 1589 3398 quum
1601 3357 1706 3389 dicitur
1721 3356 1853 3386 Christus
1868 3356 1903 3386 ad
1920 3357 2066 3387 dexteram
2081 3358 2173 3387 Patris

465 3404 596 3439 euestus,
605 3402 650 3433 sed
660 3402 745 3433 huius
753 3401 811 3432 loci
822 3401 914 3432 sensus
922 3401 974 3436 est,
983 3401 1194 3443 Christum‚qui
1204 3411 1290 3432 manu
1301 3399 1453 3431 homiuum
1464 3401 1573 3432 occisus
1581 3399 1743 3433 fuerar=Dei
1755 3402 1863 3431 virtute
1871 3401 1899 3431 in
1911 3400 2025 3431 sublimi
2038 3400 2176 3431 eui-&um

467 3444 701 3490 effe,vtAnge1is
708 3444 739 3480 8:
747 3446 919 3479 hominibus
927 3446 1105 3487 imperet.Ac
1116 3446 1232 3478 videtur
1239 3443 1351 3476 cunetis
1359 3445 1486 3477 Sathanae
1495 3448 1526 3478 δε
1537 3446 1616 3478 ηιῡάἰ
1624 3445 1891 3478 machinationibus
1898 3446 1985 3477 tacite
1991 3446 2145 3487 opponi:ac
2155 3445 2174 3476 st

2067 3488 2178 3524 diceret
