2310 3841
939 76 1014 121 1N
1073 75 1285 120 ACTA
1349 74 1609 121 Aposr
1985 137 1987 139 Ι

702 173 711 188 ,
721 149 808 194 quam
816 145 888 178 olim
899 145 970 178 dum
981 144 1104 177 viuebat
1112 167 1121 181 ‚
1130 145 1139 176 i
1144 146 1223 187 mpie
1230 157 1264 179 ac
1275 144 1416 188 proterue
1424 145 1593 188 repudiatus
1602 144 1703 178 fuerit.
1724 142 1866 194 Qisquis
1874 142 1954 194 enim
1974 141 2062 177 fidei-n
2072 148 2125 183 haj

664 220 674 234 ,
682 193 820 229 cuiusille
830 190 887 223 fuit
898 201 994 235 praeco
1003 188 1078 228 ,effe
1086 189 1245 233 discipulus
1255 202 1317 223 non
1327 190 1484 240 recusabit.
1504 190 1630 232 Reliqua
1640 200 1710 233 pete
1721 200 1755 221 ex
1764 199 1858 232 capite
1868 200 1968 222 tertio.

589 287 634 340 est
642 287 702 338 qui
702 280 777 333 fuit
788 285 826 320 in
837 287 866 319 E
867 279 978 334 cclefia
991 283 1029 319 in
1040 278 1168 334 deserto
1178 293 1250 318 cum
1261 289 1344 323 tAn
1342 280 1422 334 gelo
1431 278 1669 335 qui’'loquutus
1676 278 1850 332 ilt'ifuerat
1859 280 1898 318 in
1905 292 2021 319 meme
2030 283 2126 327 Sina,

544 340 668 382 utribus
677 338 793 390 nostrai
803 355 814 375 .·
825 335 1028 391 quist'tsc'epit
1036 352 1124 375 ‘mua
1138 337 1270 376 oracula
1281 365 1292 383 ,
1299 351 1343 376 vt
1350 335 1444 375 nahts
1454 333 1510 374 dat
1518 347 1560 376 et:
1900 382 1902 386 Ι

502 402 567 438 Cui
574 396 753 436 noluerunt
762 392 894 433 obedire
904 400 1022 433 Patres
1030 394 1133 447 nostri
1141 424 1153 443 ‚
1171 392 1443 448 se'drepulerunt
1449 421 1461 436 ,
1475 393 1514 439 <52
1525 391 1710 447 auczfifimt
1719 387 1940 444 cordibusfini
1950 393 1988 431 in
2000 400 2123 450 AEgy-

254 317 310 344 ⁸”Vel
322 320 393 352 loque
442 313 458 347 3
465 300 484 334 8

257 351 324 390 ¹batur
340 356 372 377 illi
401 354 484 398 &cu

255 393 280 408 ⁸11
290 394 374 411 morte-

416 525 468 557 40
479 484 488 500 '
506 510 663 547 Dicentes
670 508 849 550 waroni,
861 504 1030 546 Farnobtk
1040 504 1123 545 deos
1140 508 1201 560 qui
1217 519 1281 545 nos
1292 505 1505 562 prm-edant.-
1520 520 1601 544 nam
1618 503 1698 542 huic
1714 503 1938 560 Mofiquinos
1949 503 2072 544 eduxit
2081 520 2126 545 ex

333 594 345 609 ‚
381 566 629 618 terraAEgypti
639 592 651 610 ,
660 565 818 616 nescimus
829 563 917 617 quid
925 562 1093 602 acciderit.

430 636 452 669 4
461 635 473 659 1
508 627 554 658 Et
562 618 714 657 vitulum
713 618 871 673 fecerunt
880 622 917 657 in
929 618 1050 660 diebus
1059 618 1123 658 illa}
1129 649 1140 667 ‚
1155 618 1195 666 ῤ’
1206 616 1399 658 obtulerunt
1408 617 1546 672 hrstiam
1566 617 1657 656 idolo
1668 646 1677 663 ,
1689 615 1728 663 ὠ
1740 615 2036 673 letatifhmfirper
2042 629 2126 674 ope-

379 675 471 715 ribus
481 675 795 729 mnuumfibarum.

423 781 453 816 38
485 776 586 818 Pergit
597 773 762 816 Stephanus
771 776 800 807 in
810 776 950 808 narranda
961 775 1064 818 populi
1075 776 1220 817 prauitate
1231 797 1240 812 ‚
1250 773 1300 818 qui
1311 784 1354 807 tot
1365 774 1423 807 Dei
1434 770 1589 808 beneflciis
1604 785 1945 817 prouocatus,nunquam
1955 785 2055 809 tamen
2065 788 2128 810 tna-

379 819 463 862 ligne
471 819 554 852 illum
563 821 684 852 reiicere
693 821 844 853 destitit.Si
853 824 923 854 Deo
932 822 1013 864 ptius
1029 821 1213 863 immorigeri
1231 823 1262 852 δε
1273 831 1374 862 parum
1385 824 1459 862 grati
1471 819 1586 852 fuerant
1596 841 1606 855 ,
1616 831 1674 851 ram
1686 821 1808 852 mirifica
1819 819 1917 852 saltem
1927 822 2065 852 liberatio
2073 832 2128 853 eos

380 865 418 897 ad
430 864 574 897 saniorem
584 875 715 898 mentem
724 877 865 898 reuocare
875 868 1018 898 debuerat
1027 878 1036 896 .·
1046 868 1126 908 atqui
1139 877 1192 897 eos
1201 865 1312 906 semper
1333 864 1374 897 sui
1384 863 1466 897 fuisse
1483 865 1592 896 fimiles
1601 864 1739 896 ostendit.
1759 867 1818 896 Tot
1828 865 1906 896 certe
1916 865 2054 896 miracula
2065 877 2127 897 non

381 909 475 942 modo
486 909 630 942 haereroin
641 921 744 942 eorum
754 912 878 946 animis,
888 911 977 944 sedin
987 911 1082 943 oculis
1091 912 1179 943 etiam
1198 909 1302 942 versari
1312 920 1427 951 aequum
1439 920 1510 941 erat.
1531 909 1578 940 llli
1592 910 1664 941 verb
1682 910 1818 941 omnium
1835 910 1943 945 obliti,
1953 909 1989 940 ad
2000 912 2126 953 AEgypti

378 954 600 996 superstitiones
609 955 731 998 repente
741 954 929 987 transuolant.
947 958 1062 987 Recens
1072 965 1134 986 erat
1152 956 1230 986 durae
1238 954 1383 986 seruitutis
1393 955 1536 986 memoria
1548 975 1556 989 ‚
1567 965 1654 995 quam
1666 954 1790 986 traiecto
1808 956 1878 986 mari
1887 953 2064 996 effugerant:
2077 955 2127 986 sed

381 1009 524 1041 tyrannos
532 1021 541 1035 ,
551 999 566 1031 :i
575 1000 684 1042 quibus
691 999 841 1042 plusquam
851 1000 1053 1032 inhumaniter
1060 998 1159 1031 afflicti
1168 998 1232 1030 sunt
1241 1019 1251 1033 ,
1262 999 1443 1040 redemptori
1457 999 1507 1030 suo
1515 998 1680 1039 praeferunt.
1699 999 1757 1030 Hic
1765 1010 1840 1041 ergo
1856 998 2011 1041 desperata:
2020 1000 2127 1040 impie-

379 1045 450 1077 tatis
457 1044 592 1076 cumulus
609 1043 667 1075 fuit
677 1065 686 1080 ‚
703 1045 785 1086 quod
804 1046 861 1076 Dei
871 1043 1027 1076 beneficiis
1036 1042 1132 1086 frangi
1141 1055 1173 1076 ac
1182 1044 1262 1077 vinci
1273 1054 1378 1075 eorum
1388 1044 1575 1075 contumacia
1585 1054 1645 1074 non
1655 1043 1753 1084 potuit
1770 1065 1780 1078 ‚
1789 1045 1860 1085 quin
1869 1041 1984 1085 semper
1993 1044 2029 1074 ad
2042 1044 2128 1086 inge-

379 1089 464 1121 nium
474 1089 612 1121 redirent.
635 1089 762 1121 Multum
772 1089 903 1121 criminis
913 1090 1098 1120 atrocitatem
1108 1098 1196 1130 auget
1205 1090 1286 1129 quod
1296 1089 1368 1119 dicit
1379 1089 1545 1130 Stephanus
1554 1109 1563 1123 ‚
1575 1087 1686 1119 Mosem
1697 1097 1767 1119 tunc
1777 1085 1859 1119 fuiffe
1879 1099 1946 1121 curn
1964 1089 2022 1119 illis
2033 1089 2062 1118 in
2073 1090 2128 1120 de-

376 1131 472 1166 serto.
493 1135 686 1175 Praeterquam
698 1134 777 1164 enim
789 1133 870 1176 qubd
880 1145 940 1166 rara
951 1133 1000 1165 hic
1010 1132 1258 1166 &inaessimabilis
1267 1134 1325 1163 Dei
1337 1133 1455 1164 bonitas
1474 1133 1502 1162 in
1520 1130 1586 1173 ipsis
1603 1132 1765 1163 tolerandis
1785 1143 1903 1174 apparet
1913 1155 1922 1168 ‚
1932 1133 2008 1164 nihil
2027 1132 2079 1164 fibi
2091 1134 2127 1165 ad

375 1178 592 1211 excusationem
607 1177 890 1220 reliquumgfaciunt,
902 1179 971 1211 dum
982 1189 1030 1210 tot
1039 1179 1171 1219 vndique
1181 1178 1320 1219 angustiis
1330 1177 1494 1212 obseffi‚tot
1503 1177 1705 1208 netffitatibus
1715 1176 1990 1212 tonstriCtr,Mosem
2003 1177 2127 1212 habetes

377 1223 484 1254 ducem
497 1221 537 1253 sui
549 1222 663 1255 itineris
675 1225 724 1259 ,δι
737 1223 828 1254 fidum
837 1225 903 1255 vitae
922 1223 1072 1255 custodem
1089 1221 1220 1264 ‚perfide
1237 1221 1457 1252 nihilominusa
1473 1223 1543 1252 Deo
1560 1222 1620 1262 ipso
1638 1221 1792 1251 deficiunt.
1814 1223 1954 1263 Denique
1973 1222 2127 1253 indomitis

374 1266 476 1299 bestiis
485 1266 592 1298 similes
602 1266 682 1299 fuisse
690 1278 812 1310 apparet
823 1290 831 1303 ‚
843 1278 918 1310 quos
930 1270 1012 1299 Deus
1025 1277 1073 1299 tot
1082 1266 1208 1299 vinculis
1218 1266 1345 1297 retinere
1356 1268 1385 1296 in
1397 1267 1543 1308 obsequio
1561 1277 1622 1297 tion
1640 1267 1748 1306 potuit.
1771 1265 1864 1303 de
1874 1277 1946 1307 ergo
1957 1265 2024 1297 illos
2032 1266 2128 1297 Muses

372 1309 426 1343 sub
436 1312 543 1343 ducatu
554 1314 585 1344 &
595 1311 724 1354 praesidio
734 1313 842 1355 Angeli
852 1324 903 1353 per
913 1313 1058 1344 desertum
1068 1322 1171 1354 regere
1182 1321 1242 1342 non
1255 1311 1364 1343 destitit
1373 1330 1383 1344 ‚
1393 1321 1426 1341 ex
1438 1312 1491 1342 hac
1502 1311 1648 1351 temporis
1657 1309 1861 1342 circunstantia
1870 1311 2015 1353 colligere
2027 1323 2054 1352 pi
2063 1323 2128 1342 om-

374 1367 461 1397 ptum
473 1356 529 1390 est,
540 1357 628 1399 quam
639 1357 783 1388 obstinata
796 1359 828 1389 δε
837 1357 1003 1388 insanabilis
1013 1355 1100 1388 suerit
1112 1367 1214 1387 eorum
1233 1357 1371 1397 prauitas.
1394 1357 1486 1386 Sicuti
1495 1354 1668 1396 piodigiosae
1677 1356 1870 1386 contumaciae
1878 1353 1932 1386 suit
1941 1378 1950 1390 ‚
1959 1367 2018 1387 non
2032 1356 2129 1386 humi·

372 1401 437 1434 liari
449 1412 495 1434 tot
507 1402 590 1434 malis
599 1400 704 1442 &ipso
713 1404 818 1433 mortis
829 1401 997 1444 conspedlu.
1021 1401 1114 1441 de
1123 1400 1234 1431 Mosem
1245 1411 1311 1432 cum
1326 1413 1343 1431 A
1351 1413 1368 1430 κ
1376 1412 1416 1432 ot
1425 1413 1439 1431 1.
1447 1412 1465 1430 ο
1479 1402 1509 1432 &
1521 1400 1659 1431 Patribus
1668 1397 1752 1431 fuisse
1763 1399 1835 1431 dicit
1845 1421 1855 1434 ‚
1864 1400 1956 1442 longe
1967 1401 2077 1432 diuersa
2087 1402 2129 1432 est

374 1447 462 1478 ratio.
486 1446 625 1478 Patribus
635 1447 713 1478 enim
725 1445 838 1482 adfuit,
848 1457 880 1479 vt
891 1446 918 1478 se
928 1447 986 1477 illis
995 1445 1101 1477 ducem
1113 1455 1149 1476 ex
1158 1445 1216 1476 Dei
1227 1445 1364 1476 mandato
1375 1445 1514 1486 praeberet
1527 1456 1534 1474 ·.
1545 1443 1598 1475 suit
1607 1455 1674 1476 cum
1693 1445 1812 1487 Angelo
1828 1455 1967 1486 tanquam
1985 1445 2127 1478 minister.

375 1490 462 1523 Vnde
472 1490 601 1533 sequitur
610 1501 671 1524 non
679 1491 796 1534 priuato
805 1492 920 1522 homini
929 1489 1032 1523 fastam
1041 1487 1122 1522 fuisse
1130 1489 1327 1523 iniuriam‚sed
1333 1488 1545 1532 gubernationi
1555 1488 1662 1520 diuinae
1671 1500 1679 1519 ι
1689 1489 1808 1530 quando
1817 1499 1879 1520 non
1890 1489 2007 1521 obstitit
2023 1489 2129 1522 vuius-

381 1546 441 1577 que
452 1537 616 1567 reuerentia
627 1558 637 1572 ,
645 1537 717 1578 quin
729 1535 858 1577 populus
866 1537 897 1567 in
906 1534 1073 1567 sceleratam
1083 1533 1236 1575 perfidiam
1246 1533 1274 1565 se
1282 1534 1457 1575 proriperet.
1485 1535 1532 1563 De
1540 1532 1660 1574 Angelo
1671 1534 1727 1562 iam
1738 1533 1818 1574 prius
1828 1533 1964 1564 diximus.
1987 1534 2045 1564 Sed
2062 1545 2127 1576 pat-

381 1580 518 1621 ticipium
530 1577 662 1612 ›texisse-m
672 1601 681 1616 ‚
693 1580 868 1623 ambiguum
878 1579 988 1611 sensum
997 1578 1100 1610 habet.
1122 1589 1188 1609 nam
1200 1578 1246 1609 vel
1259 1577 1296 1609 de
1305 1578 1398 1619 prima
1407 1576 1520 1608 visione
1531 1577 1627 1618 potest
1636 1577 1764 1618 intelligi
1777 1599 1785 1612 ‚
1797 1587 1852 1618 qua
1862 1587 1984 1608 vocatus
1995 1577 2051 1609 fuit
2062 1584 2128 1610 Mo-

381 1623 425 1654 ses
434 1626 470 1655 ad
479 1624 686 1655 redimendum
698 1623 840 1665 populum
853 1635 860 1655 :
872 1624 920 1655 vel
932 1624 969 1656 de
980 1623 1116 1655 sermone
1125 1633 1212 1665 quem
1231 1624 1314 1654 Deus
1331 1633 1397 1654 cum
1416 1621 1496 1652 Mose
1513 1621 1616 1652 habuit
1637 1621 1700 1663 post
1723 1622 1877 1652 traiestum
1896 1633 1976 1653 mare
1993 1624 2124 1655 rubrum.

382 1668 538 1706 Qoniam
549 1677 647 1699 autem
659 1679 789 1710 vtroque
799 1669 894 1700 modo
903 1668 930 1700 se
942 1668 1158 1710 redemptionis
1169 1664 1225 1698 eise
1235 1667 1518 1698 authoremtestams
1528 1666 1565 1696 ess
1578 1667 1712 1696 Christus
1724 1687 1733 1700 ,
1743 1677 1804 1696 non
1823 1667 1948 1696 multum
1960 1665 2048 1697 refert
2058 1672 2128 1700 vtri'a

383 1712 476 1755 eligas
489 1726 495 1742 :
506 1712 571 1743 imo
583 1712 656 1743 nihil
666 1713 791 1754 impedit
801 1715 963 1754 quominus
973 1714 1010 1743 ad
1018 1721 1177 1752 vtrumque
1188 1711 1336 1749 extendas.
1358 1714 1433 1741 Nam
1447 1712 1497 1751 qui
1507 1709 1675 1750 Mosilnqui
1692 1710 1730 1740 ab
1748 1709 1836 1740 initio
1855 1719 1987 1752 toeperat
1997 1729 2006 1744 ‚
2016 1720 2047 1742 vt
2057 1723 2128 1744 eum

384 1756 414 1787 in
426 1760 585 1799 AEgyptum
596 1757 726 1788 mitteret
735 1778 744 1792 ‚
756 1757 941 1787 continuauit
951 1756 1051 1795 postea
1059 1755 1201 1785 sermonis
1210 1755 1249 1784 lui
1260 1764 1394 1785 tenorem
1405 1773 1415 1787 ‚
1424 1753 1516 1784 done(
1531 1764 1576 1794 pei
1585 1751 1695 1784 fecium
1707 1751 1777 1793 esset
1791 1764 1876 1794 opus.

420 1804 484 1841 Q,
497 1812 652 1832 svscapri·
661 1811 735 1831 vivii
752 1803 933 1842 ORACVLA.)
945 1798 1077 1830 Erasmus
1088 1798 1234 1830 transtulit
1245 1800 1419 1829 Sermonem
1430 1798 1530 1829 viuum
1543 1797 1606 1828 :sed
1618 1799 1668 1839 qui
1678 1797 1778 1830 Graece
1790 1807 1900 1829 norunt
1909 1819 1918 1833 ,
1928 1798 2035 1831 melius
2043 1797 2128 1832 fuisse

387 1843 404 1875 a
417 1845 622 1875 ineredditum
634 1844 715 1885 quod
726 1845 795 1875 dicit
806 1843 1172 1886 Stephanus‚agnoscent.
1195 1847 1271 1874 Nam
1282 1853 1311 1873 in
1331 1842 1458 1873 oraculis
1477 1843 1567 1873 maior
1586 1842 1673 1884 quam
1691 1844 1720 1872 in
1741 1842 1876 1874 sermone
1891 1843 1965 1874 inest
1985 1845 2126 1876 maiestas.

386 1887 512 1920 Tantum
524 1888 561 1919 de
573 1899 648 1920 voce
656 1889 782 1930 loquor:
793 1884 853 1919 scio
862 1889 942 1920 enim
952 1888 1104 1920 oraculum
1117 1886 1172 1919 effe
1180 1887 1321 1929 quicquid
1331 1898 1363 1918 ex
1372 1898 1423 1918 ore
1432 1888 1490 1917 Dei
1502 1897 1608 1918 manat.
1634 1886 1728 1917 Pnrrb
1737 1887 1784 1918 liis
1799 1888 1900 1918 verbis
1916 1889 2127 1928 authoritatem

385 1932 473 1963 Molis
484 1933 624 1964 doctrinae
644 1933 785 1965 conciliat
796 1953 806 1968 ‚
817 1934 884 1975 quia
898 1933 971 1965 nihil
995 1935 1024 1964 in
1041 1933 1173 1965 medium
1192 1932 1349 1974 protulerit
1360 1954 1369 1967 ,
1378 1931 1428 1962 nisi
1439 1932 1530 1963 aDeo
1539 1931 1728 1974 profusioni.
1749 1932 1836 1963 Vnde
1851 1931 2053 1974 sequitur,non
2065 1944 2126 1966 rarii

384 1977 458 2008 Most
473 1977 560 2019 quam
571 1979 640 2008 Deo
649 1979 678 2009 in
689 1978 768 2009 illius
782 1978 906 2020 persona
915 1977 1043 2009 rebelles
1053 1975 1135 2009 fuisse
1152 1977 1275 2009 ludaeos.
1296 1987 1357 2019 quo
1373 1977 1468 2019 magis
1481 1977 1631 2018 detegitur
1648 1975 1742 2007 ferrea
1757 1977 2057 2019 eorumimptobitas.
2079 1978 2128 2010 Est

383 2032 481 2053 autem
493 2023 552 2053 haec
561 2023 706 2064 generalis
714 2025 787 2054 ratio
797 2022 955 2065 sanciendae
964 2022 1204 2065 doetrinae:quum
1217 2022 1354 2053 homines
1364 2021 1439 2052 nihil
1447 2022 1564 2052 tra'dunt
1576 2020 1626 2051 nifi
1637 2020 1780 2052 d=uimtus
1789 2021 1841 2062 fibi
1853 2020 2126 2059 mandatum.Qnis-

383 2077 451 2098 nam
465 2068 543 2098 enim
558 2068 713 2098 hominurn
725 2067 835 2099 Mosem
845 2067 898 2099 fibi
914 2068 1092 2109 postponere
1103 2067 1244 2099 audebit:
1256 2067 1370 2097 cuihoc
1380 2066 1494 2097 tannim
1507 2067 1568 2096 iure
1585 2065 1783 2096 adhibendam
1803 2064 1884 2097 fuisse
1896 2066 1984 2097 fidem
1995 2078 2127 2107 pronun·

241 2137 261 2152 ι,
271 2126 315 2148 cor
327 2130 345 2152 3.
383 2112 437 2143 tiat
447 2112 581 2153 Spiritus,
591 2112 657 2153 quia
669 2112 832 2144 doctrinam
843 2112 857 2143 a
867 2115 935 2144 Deo
945 2122 1096 2154 accepram
1105 2112 1234 2144 fideliter
1244 2111 1356 2153 populo
1367 2110 1550 2152 exposuerit?
1561 2108 1617 2140 Sed
1627 2110 1771 2151 quaetitur,
1780 2120 1831 2140 cur
1842 2113 1949 2153 Legem
1961 2122 2056 2143 vivvu
2069 2110 2125 2143 ser-

243 2161 292 2188 b-7·
387 2167 507 2187 monem
519 2157 657 2198 appellet.
678 2158 804 2192 Videtur
816 2159 894 2188 enim
906 2158 1030 2190 minime
1039 2157 1098 2188 hoc
1108 2154 1239 2199 elogium
1251 2168 1318 2188 cum
1327 2157 1407 2187 Pauli
1419 2155 1520 2185 verbis
1531 2164 1694 2196 congruere
1704 2166 1711 2183 :
1721 2156 1770 2184 vbi
1788 2158 1897 2196 Legem
1918 2156 1988 2186 dicit
2001 2155 2056 2186 tli'e
2067 2157 2124 2186 rni-

387 2201 536 2232 nisserium
548 2201 652 2232 mortis
662 2222 672 2237 ,
681 2203 793 2233 &iram
804 2204 916 2243 operati
926 2223 934 2236 ,
945 2204 977 2234 δε
989 2203 1100 2244 peccati
1113 2201 1167 2232 esse
1179 2203 1330 2232 virtutem.
1356 2203 1384 2231 Si
1397 2198 1658 2242 intelligasViuum
1669 2198 1831 2229 sermonem
1842 2221 1850 2234 ,
1861 2200 1909 2240 qni
1920 2199 1951 2230 fit
1963 2200 2062 2231 efficax
2074 2222 2082 2235 ‚
2092 2204 2123 2232 δε

388 2247 438 2286 qui
449 2245 601 2276 hominum
613 2255 785 2287 contemptu
796 2246 893 2277 irritus
903 2247 964 2277 fieri
978 2257 1120 2287 nequeat,
1133 2246 1211 2276 nulla
1222 2247 1275 2276 erit
1286 2245 1477 2287 repugnantia
1487 2257 1493 2274 :
1503 2243 1549 2274 sed
1561 2254 1620 2286 ego
1631 2243 1726 2275 elisue
1737 2254 1789 2284 pro
1797 2243 1925 2274 Viufico
1943 2245 2066 2285 positum
2079 2247 2124 2275 in-

385 2299 543 2330 terpretor.
564 2299 630 2320 nam
643 2299 731 2331 quum
742 2294 800 2321 Lex
810 2291 857 2329 pie
867 2290 1018 2331 sancteque
1029 2292 1149 2322 vitiendi
1161 2290 1289 2331 perfefta
1300 2289 1330 2320 fit
1339 2290 1438 2330 regula
1450 2311 1460 2324 ‚
1469 2291 1499 2320 δε
1514 2288 1649 2318 iustitiam
1660 2289 1718 2318 Dei
1734 2287 1866 2319 ostendat
1876 2309 1883 2323 ,
1895 2287 2004 2320 inei-ito
2013 2289 2079 2320 vitae
2089 2293 2122 2321 δε

385 2332 482 2365 salutis
493 2333 625 2364 doctrina
635 2333 775 2364 censetur.
799 2334 872 2374 Qb
882 2338 1013 2376 pertinet
1022 2333 1148 2364 solennis
1158 2336 1205 2365 illa
1222 2334 1311 2364 Mosis
1326 2334 1502 2370 contestatio
1512 2353 1522 2367 ,
1532 2332 1602 2362 dum
1615 2334 1716 2363 caeluni
1732 2335 1763 2364 &
1774 2343 1881 2363 terram
1899 2333 2028 2366 adiurat,
2039 2333 2122 2375 quod

385 2377 570 2419 proposuerit
581 2380 657 2408 viam
669 2377 773 2409 vitae&
784 2379 897 2410 mortis.
920 2379 993 2413 Quo
1005 2376 1082 2408 sensu
1108 2378 1196 2408 etiam
1213 2379 1320 2409 Ezech.
1336 2388 1452 2418 cap.20.
1468 2378 1658 2417 conqueritur
1675 2379 1758 2408 Deus
1769 2399 1777 2412 ‚
1788 2380 1897 2420 Legem
1915 2376 1992 2408 suam
2009 2378 2121 2410 bonam

387 2421 528 2454 violatam
539 2420 594 2452 esse
606 2443 614 2457 ,
626 2432 764 2463 praecepta
783 2422 830 2453 sua
841 2418 919 2453 bona
930 2422 966 2452 de
976 2422 1086 2462 quibus
1096 2421 1217 2454 dixerat,
1227 2421 1564 2464 Qifeceritliaec‚viuet
1577 2421 1682 2451 inillis.
1705 2425 1761 2452 Lex
1772 2422 1859 2464 igitur
1870 2424 1898 2452 in
1911 2421 1936 2452 se
1948 2423 2038 2453 vitam
2051 2433 2123 2453 con-

386 2467 474 2499 tinet.
498 2467 594 2507 Siquis
603 2476 704 2497 tamen
713 2467 787 2497 Viua
798 2466 982 2508 interpretari
995 2466 1074 2496 malit
1084 2466 1215 2496 efficaciae
1226 2468 1256 2496 δὲ
1268 2466 1383 2497 virtutis
1400 2465 1485 2505 plena
1495 2487 1504 2500 ,
1514 2466 1719 2496 vehementius
1736 2477 1796 2496 noti
1817 2466 2005 2498 contendam.
2027 2467 2122 2505 de

389 2521 489 2543 autem
499 2510 690 2543 ministerium
701 2511 807 2542 mortis
821 2510 929 2542 dicitur
939 2532 949 2546 ,
959 2510 989 2541 id
1001 2510 1043 2540 illi
1054 2511 1235 2541 accidentale
1245 2509 1284 2539 est
1297 2520 1419 2550 propter
1437 2520 1604 2551 corruptam
1625 2510 1780 2541 hominum
1796 2521 1936 2540 naturam.
1961 2514 2121 2543 Peccatum

392 2557 472 2588 enim
485 2555 539 2596 ipsa
552 2566 609 2585 non
619 2565 759 2597 generat,
772 2553 821 2586 sed
833 2555 944 2586 inuenit
955 2555 983 2586 in
995 2555 1093 2585 nobis.
1115 2555 1210 2584 Vitam
1231 2551 1317 2585 offert
1329 2567 1334 2585 ς
1347 2555 1393 2586 sed
1403 2564 1458 2584 nos
1472 2575 1480 2589 ,
1493 2555 1559 2595 quia
1575 2553 1673 2585 vitiosi
1682 2553 1797 2588 sumus,
1810 2554 1882 2584 nihil
1892 2554 1978 2595 quam
1990 2566 2118 2586 mortem

390 2599 579 2633 referreinde
588 2597 744 2641 possumus.
766 2602 880 2642 Itaque,
890 2610 950 2630 non
960 2599 1011 2630 nisi
1021 2599 1177 2630 hominum
1188 2597 1318 2640 respetstu
1330 2598 1476 2629 mortifera
1487 2600 1537 2630 est.
1559 2599 1737 2640 Quanquam
1750 2598 1834 2629 altius
1846 2598 1966 2640 respexit
1979 2599 2119 2630 hocloco

390 2644 573 2685 Stephanus:
587 2645 771 2686 nequeenim
785 2644 822 2675 de
832 2644 919 2676 nudis
931 2643 1221 2686 praeceptisloquitur
1232 2642 1295 2677 ,sed
1305 2653 1398 2674 totam
1417 2643 1506 2674 Musis
1527 2643 1690 2674 dofirinarn
1710 2643 1956 2685 corr=.prehen‹:lit²
1969 2644 1997 2673 in
2010 2655 2066 2685 qua
2076 2645 2120 2675 in-

392 2689 474 2722 clusae
485 2688 547 2720 sunt
556 2690 687 2732 gratuitae
696 2689 900 2730 promissiones
912 2712 921 2724 ‚
930 2700 1017 2731 atque
1027 2688 1102 2719 adeo
1111 2688 1242 2719 Christus
1254 2687 1312 2728 ipse
1323 2689 1406 2719 vnica
1417 2689 1572 2719 hominum
1582 2690 1638 2719 vita
1651 2690 1681 2718 Sc
1693 2687 1773 2718 salus.
1792 2688 1935 2718 memoria
1953 2688 2117 2724 tenendum

394 2733 436 2765 est
445 2733 617 2776 quibuscum
631 2733 805 2764 hominibus
815 2734 969 2776 negotium
980 2744 1040 2765 erat
1049 2734 1208 2772 Stephano.
1231 2733 1397 2774 Praeposteri
1410 2743 1492 2764 erant
1505 2734 1590 2774 Legis
1601 2733 1704 2763 zelotae
1713 2755 1720 2767 ,
1732 2733 1823 2774 quiin
1835 2742 1950 2763 mortua
1960 2733 2072 2763 tantum
2085 2736 2118 2764 δε

395 2777 548 2810 mortifera
558 2778 640 2809 litera
651 2778 798 2808 haerebant
807 2790 815 2808 ι
824 2788 857 2809 ac
866 2779 978 2810 interea
992 2787 1093 2809 contra
1102 2776 1284 2822 Stephanum
1302 2776 1497 2811 insaniebant,
1510 2777 1589 2819 qubd
1607 2777 1755 2808 Chr-istum
1768 2779 1796 2806 in
1807 2779 1887 2819 Lege
1899 2787 2036 2818 quaereret
2048 2799 2054 2811 ‚
2065 2778 2117 2818 qui

397 2823 466 2854 vere
476 2823 516 2854 est
526 2823 604 2856 illius
612 2825 718 2854 anima.
741 2822 955 2865 Obliqueergo
966 2822 1127 2864 peruersam
1137 2818 1240 2852 eorum
1252 2821 1393 2853 inscitiam
1409 2822 1605 2864 perstringens
1615 2843 1623 2857 ,
1635 2823 1729 2852 maius
1746 2822 1857 2862 aliquid
1875 2825 1905 2853 δι
1921 2821 2116 2852 excellentius

393 2867 423 2897 in
435 2871 514 2909 Lege
529 2867 716 2900 reconditum
737 2865 794 2898 effe
814 2867 973 2909 significat,
986 2867 1073 2909 quam
1091 2865 1142 2907 ipsi
1159 2865 1297 2896 haetenus
1314 2868 1462 2898 nouerint.
1484 2871 1620 2902 Nam,vt
1631 2867 1758 2898 carnales
1777 2878 1879 2902 erant,
1894 2876 2009 2896 externa
2019 2864 2116 2907 specie

391 2913 525 2942 contenti
538 2933 547 2945 ,
557 2910 630 2942 nihil
642 2911 671 2941 in
683 2922 713 2942 ea
725 2910 870 2949 spirituale
879 2912 1044 2954 querebant
1053 2934 1062 2948 ‚
1073 2911 1134 2943 imo
1144 2920 1198 2942 nec
1213 2909 1265 2940 sibi
1275 2910 1385 2942 ostendi
1396 2912 1591 2951 patiebantur.

425 2957 469 2985 Vr
484 2968 501 2986 N
509 2967 564 2986 031
576 2967 587 2985 s
604 2967 625 2986 D
633 2956 811 2994 mmJHoc
820 2956 856 2987 ad
865 2956 1033 2987 diluendam
1045 2955 1218 2987 calumniam
1228 2954 1305 2985 valet
1315 2974 1323 2988 ‚
1333 2966 1389 2996 qua
1399 2955 1471 2986 falso
1481 2953 1616 2998 grauatus
1626 2953 1728 2986 fuerat.
1751 2957 1826 2985 Nam
1836 2963 1925 2996 quum
1937 2952 1963 2983 se
1974 2957 2061 2995 Legis
2072 2954 2115 2984 iu-

387 3009 429 3040 go
438 2998 570 3031 subiiciat
579 2998 685 3041 ‚seque
694 3011 783 3031 vnum
795 3011 829 3032 ex
837 3000 924 3031 Mofis
934 2999 1082 3041 discipulis
1090 2998 1147 3031 esse
1155 2998 1462 3041 profiteatur‚multum
1472 3000 1550 3031 abest
1560 3023 1568 3036 ,
1578 3001 1647 3042 quin
1659 2999 1746 3030 fidem
1758 2999 1798 3029 illi
1810 2998 1884 3039 apud
1895 2997 1966 3028 alios
1975 3000 2114 3041 abroget,

388 3044 458 3085 quin
471 3044 572 3085 potius
580 3044 732 3075 obiectum
744 3045 795 3075 fibi
805 3046 915 3076 crimen
926 3047 956 3076 in
966 3045 1261 3076 calumniaeauthores
1279 3054 1442 3085 retorquet.
1466 3048 1540 3075 Nam
1552 3044 1624 3075 istud
1641 3045 1734 3075 totius
1750 3043 1851 3085 populi
1868 3053 2026 3074 commune
2038 3054 2114 3084 quo-

387 3087 548 3119 dammodo
555 3089 696 3128 probrum
707 3099 768 3119 erat
778 3111 788 3124 ‚
799 3090 879 3131 qued
894 3093 992 3122 Patres
1002 3091 1075 3132 Legi
1087 3100 1186 3131 parere
1196 3088 1360 3119 noluerant.
1382 3092 1493 3120 Interea
1503 3099 1604 3121 tamen
1614 3089 1752 3120 admonet
1761 3097 1819 3117 non
1830 3086 1879 3116 sun
1890 3089 2003 3118 tantiim
2014 3087 2112 3119 seculo

383 3131 494 3163 Mosem
505 3132 605 3173 datum
615 3131 671 3162 esse
681 3134 854 3173 prophetam
868 3156 877 3170 ‚
886 3134 932 3165 sed
942 3145 972 3166 vt
982 3134 1091 3164 m'ortui
1102 3134 1179 3176 apud
1191 3132 1322 3174 posteros
1331 3134 1442 3174 vigeret
1461 3133 1632 3164 authoritas.
1659 3137 1764 3173 Neque
1781 3132 1857 3162 eniin
1870 3132 1927 3162 Dei
1946 3132 2112 3162 doeh-inam

385 3176 443 3208 vna
463 3187 529 3207 cum
539 3175 674 3206 Ministris
683 3177 811 3218 extingui
821 3179 963 3211 conuenit
972 3199 981 3213 ,
990 3188 1039 3209 aut
1049 3178 1064 3210 ὲ
1076 3179 1176 3209 medio
1185 3177 1260 3208 tolli.
1282 3177 1451 3216 Qidenirn
1464 3179 1560 3207 minus
1569 3176 1796 3208 consentaneum
1808 3197 1816 3211 ‚
1827 3176 1913 3217 quam
1930 3175 2017 3216 ipsam
2029 3187 2110 3207 emo«

383 3222 407 3251 ri
418 3240 426 3254 ²
435 3231 492 3263 qna
506 3221 594 3251 nobis
602 3218 751 3251 confertur
759 3223 965 3254 immortalitas
976 3229 985 3252 ἒ
995 3224 1041 3254 Sic
1051 3224 1140 3253 hodie
1150 3231 1269 3264 quoque
1279 3221 1459 3252 statuendum
1473 3221 1512 3252 est
1523 3231 1529 3248 =
1541 3221 1621 3252 sicuti
1630 3221 1681 3252 suae
1689 3220 1777 3250 :etatis
1796 3221 1970 3251 hominibus
1991 3220 2110 3261 loquuti

383 3263 447 3294 sunt
456 3265 611 3306 Prophetae
622 3267 654 3297 δι
663 3265 864 3304 Apostoli,1ta
875 3267 962 3297 nobis
973 3265 1107 3306 scripsisse
1118 3289 1128 3303 ‚
1137 3278 1171 3298 ac
1178 3275 1351 3307 perpetuum
1364 3264 1418 3296 esse
1428 3266 1568 3297 doeirinae
1584 3266 1699 3296 illorum
1713 3266 1845 3306 vigorem
1856 3286 1863 3299 ,
1875 3266 1941 3306 quia
1951 3265 2109 3296 authorem

383 3309 482 3339 Deum
491 3310 590 3349 potius
600 3308 686 3350 quam
694 3309 830 3340 homines
838 3312 984 3342 Minillros
993 3310 1108 3343 referat.
1133 3313 1280 3344 Admonet
1289 3311 1397 3341 interea
1407 3332 1416 3346 ‚
1428 3309 1447 3340 si
1467 3310 1516 3352 qui
1526 3311 1696 3341 destinatum
1710 3308 1873 3340 sermonem
1892 3309 2040 3345 reficiunt,
2050 3311 2108 3340 Dei

386 3351 537 3383 consilium
548 3354 679 3385 reiicere-
846 3352 848 3356 ¹

419 3404 450 3433 36
481 3398 699 3428 Βεννιεενωτ
712 3408 750 3428 ετ
768 3408 876 3428 Avnrsr
887 3399 994 3436 svnr.)
1004 3398 1113 3430 Mose-m
1123 3397 1139 3429 ὲ
1148 3398 1285 3430 Patribus
1295 3398 1434 3430 reiectum
1444 3396 1524 3429 fuisse
1536 3398 1608 3429 dicit
1636 3399 1667 3428 δε
1683 3396 1765 3428 simul
1785 3396 1897 3430 causam
1915 3406 1997 3427 notat
2007 3394 2108 3436 ,qvod

386 3440 502 3482 AEgypri
513 3439 764 3482 superstitionibus
773 3438 797 3473 se
807 3443 906 3484 potius
916 3444 1089 3475 addixerint.
1105 3443 1168 3475 Fuit
1177 3454 1274 3475 autern
1285 3443 1334 3474 hic
1346 3443 1495 3475 horribilis
1507 3446 1537 3475 ὅ(
1547 3440 1694 3485 plusquam
1707 3453 1796 3474 caecus
1810 3441 2108 3516 l²iitoi½l1i¹=5yptiingg

2018 3494 2065 3515 tes

2302 1871 2310 1973 nm...
2305 1802 2310 1861 -4,-
2308 1781 2310 1786 .
