2310 3841
340 135 380 176 μ
889 110 964 153 IN
1028 106 1232 149 ACTA
1289 103 1538 146 Atos-r.

339 195 405 227 lunt
414 190 582 236 Apostolos,
591 193 622 224 &
633 196 713 221 metu
723 194 900 228 extorquete
907 179 986 214 aliud
995 179 1083 222 quam
1093 177 1214 210 confessi
1223 175 1347 209 fuerant:
1356 179 1439 208 Deus
1447 185 1545 208 autem
1555 184 1658 208 eorum
1668 173 1800 205 astutiam
1810 169 2033 208 deludens,facit
2042 171 2073 204 ὴ

339 241 459 272 audiant
471 238 552 281 quod
564 236 680 267 nolunt.

373 289 388 314 8
419 287 546 315 Paravs
563 286 729 312 REi‘LETvS
749 286 761 304 s
771 282 882 304 prnrrv
899 282 911 299 s
924 266 1060 308 auci-o.)
1089 270 1160 297 Non
1168 265 1221 297 abs
1238 275 1268 296 re
1285 264 1325 295 est
1335 263 1416 306 qubd
1435 262 1610 294 nominatim
1622 262 1770 298 hocaddit
1788 263 1881 292 Lucas
1892 271 1941 297 ,vt
1956 260 2076 294 sciamus

184 327 306 352 mnffi‘·
340 329 463 360 Petrum
475 337 534 357 non
544 324 594 356 ase
603 323 730 365 ipsoram
741 314 1061 359 magnificeloquutum
1072 309 1138 343 effe.
1159 313 1194 342 Et
1205 309 1269 341 sane
1285 308 1335 351 qui
1345 310 1380 341 ad
1390 318 1496 341 vocem
1512 307 1687 339 mulierculae
1697 304 1899 349 expauesatstus
1909 323 1918 341 s
1930 307 2077 338 Christum

185 366 248 391 ΗΕ·
344 383 465 414 negaue.
474 381 512 401 at:
521 380 618 401 coram
631 368 680 399 tali
692 361 818 396 consessu
828 361 863 392 ad
873 361 965 391 solum
976 367 1090 399 pompae
1102 354 1293 396 conspectum
1304 354 1446 385 exanimis
1456 350 1646 386 concidisset,
1657 351 1705 381 nili
1718 351 1840 392 Spiritus
1850 351 1957 381 virture
1970 351 2036 382 esset
2049 363 2077 382 e-

346 418 453 449 rectus.
475 418 563 456 Opus
574 413 676 444 habuit
688 407 862 440 fortitudine
873 408 902 437 δι
913 401 1076 445 prudentia.
1087 401 1122 432 In
1133 409 1256 440 vtraque
1264 397 1303 429 fic
1311 398 1438 433 excellit,
1449 406 1481 429 vt
1491 396 1558 428 vere
1568 396 1666 426 diuina
1677 396 1708 426 fit
1719 392 1873 436 responsio.
1883 391 1940 425 Hic
1949 394 2039 438 louge
2049 408 2079 427 a·

347 461 404 493 lius
414 460 453 491 est
464 481 471 495 ,
482 459 568 501 quam
579 458 657 499 prius
668 453 770 485 fuerat.
795 454 862 481 Hoc
878 447 970 490 porib
981 446 1138 487 dupliciter
1147 444 1235 474 nobis
1243 442 1368 484 prodest.
1385 445 1461 473 Nam
1473 443 1502 472 δι
1514 442 1571 471 hoc
1590 441 1720 481 elogium
1732 441 1768 470 ad
1786 439 2077 473 commendationem

346 505 496 540 doctrinae,
506 514 567 545 quae
578 511 646 532 mox
654 499 802 540 sequetur,
812 492 871 525 nor'i
881 491 1175 534 parum‘valet‚quum
1186 488 1293 519 dicitur
1301 486 1316 517 a
1325 487 1433 528 Spiritu
1442 485 1538 516 santio
1549 482 1688 526 profecta.
1696 485 1731 514 Et
1742 492 1795 513 nos
1806 493 1973 518 monemur,
1983 487 2012 515 in
2022 484 2081 517 fide

344 549 439 581 nostra
450 547 613 590 profitenda
624 542 783 585 petendum
794 537 849 570 esse
859 539 875 570 a
885 537 1021 569 Domino
1039 535 1178 576 Spiritum
1190 531 1390 574 prudentiae&
1409 529 1611 562 fortitudinis,
1623 539 1672 570 qui
1684 536 1799 568 mentes
1808 548 1818 563 ‚
1830 527 1983 560 animos&
1993 531 2080 561 cogda

342 594 437 626 nostra
449 594 605 636 gubernet.
617 586 774 620 Plenitudo
784 584 971 625 Spirituspro
980 581 1075 620 ampla
1086 581 1116 610 δι
1130 588 1190 609 non
1201 578 1312 618 vulgari
1325 575 1454 607 mensura
1465 575 1586 616 capitur.

374 651 391 674 9
425 640 455 669 51
470 647 529 668 uos
543 647 561 667 ri
570 634 684 673 onis.)
702 634 770 663 Non
779 628 904 659 dubium
914 627 984 668 quin
997 621 1047 655 hic
1055 622 1231 655 Sacerdotes
1242 623 1272 652 ὃ(
1284 620 1398 652 Ser-ibas
1408 619 1570 660 tyrannidis
1581 614 1725 647 insimulet
1735 614 1931 655 Petrus,qubd
1943 615 2080 647 iniustum

339 684 377 716 de
385 682 534 715 beneficio
544 680 628 711 laude
638 678 730 719 digno
739 683 859 707 examen
868 672 1009 704 habeant,
1019 679 1051 699 ac
1060 667 1080 698 fi
1090 666 1202 699 facinus
1210 664 1486 710 aliquod‘scelestum
1497 659 1684 705 perpetrasset
1695 659 1753 701 ipse
1763 670 1829 691 curn
1839 662 1963 703 collega.
1974 663 2001 692 Si
2014 671 2080 699 nos,

336 728 447 770 inquit,
457 726 525 757 ideo
535 724 576 755 rei
588 723 712 764 agimur,
722 720 789 761 quia
801 717 953 749 sanitatem
963 713 1163 746 contulerimu
1171 724 1182 742 s
1192 711 1305 741 homini
1316 719 1439 750 aegroto.
1459 706 1516 739 Hic
1525 709 1630 738 Petrus
1641 715 1761 746 prauum
1773 706 1864 736 animi
1875 704 2008 737 affectum
2022 718 2082 737 ma-

336 775 383 814 gis
392 771 517 813 respicit,
526 768 613 810 quam
624 765 714 807 ipsum
725 762 890 805 quaestionis
901 760 1049 791 ordinem.
1080 754 1185 788 Namfi
1203 754 1335 786 miraculi
1352 763 1490 795 praetextu
1511 748 1667 782 voluissent
1686 749 1834 780 abducere
1843 750 1974 791 Apostoli
1986 761 2081 792 popu.

336 818 399 848 lum
410 816 426 848 a
434 809 703 857 restosynceroque
712 809 771 840 Dei
781 807 883 842 Cultu,
895 803 1003 835 meritb
1012 803 1046 834 ad
1057 799 1169 833 causam
1179 800 1335 832 dicendam
1347 807 1445 829 vocati
1457 794 1635 837 efferitz¹quia
1646 794 1751 836 religio
1762 794 1852 835 louge
1862 795 2003 826 omnibus
2012 807 2082 838 prae·

338 860 426 893 sentis
436 861 500 890 vitae
509 858 598 889 bonis
607 855 725 898 praestat.
749 851 806 884 Sed
815 861 905 893 quum
917 849 960 880 illi
970 848 1043 880 nihil
1054 846 1198 877 habentes
1209 843 1296 876 causae
1309 862 1318 878 ,
1327 845 1356 874 in
1368 844 1476 873 crimen
1489 839 1614 883 maligne
1626 849 1759 879 raperent
1770 839 1974 880 quodhonore
1984 841 2081 882 prose-

341 906 392 947 qui
402 904 576 938 debuerant,
587 898 716 933 suffultus
724 899 776 929 hac
785 895 892 926 fiducia
902 897 1005 926 Petrus
1015 902 1068 924 eos
1078 889 1166 922 initio
1182 887 1253 920 false
1263 887 1375 931 ironica
1391 885 1559 927 praefatione
1577 884 1742 926 perstringit
1752 903 1760 917 ,
1772 883 1854 925 qubd
1872 884 1907 916 ad
1917 885 2082 917 damnanda

341 948 495 982 benefacta
505 946 622 979 sedeant
630 945 751 976 iudices.
762 941 878 973 Leuiter
888 948 986 971 tamen
996 937 1071 967 hanc
1083 945 1196 976 partem
1207 933 1372 975 attingit>Vt
1382 931 1436 963 fibi
1447 930 1597 962 transitum
1608 929 1642 960 ad
1653 928 1765 960 causam
1777 929 1871 959 iaci-it.
2063 940 2092 963 χ

375 1004 404 1024 10
438 996 529 1025 Norv
539 1002 560 1021 M
576 1003 624 1022 sir
636 989 749 1027 vossis.)
775 989 904 1020 Poterit,
916 982 1050 1015 ficutiam
1065 979 1136 1014 dixi,
1145 981 1248 1010 Petrus
1260 979 1296 1008 ad
1307 977 1397 1008 multa
1414 973 1593 1016 subterfugia
1604 973 1758 1004 deflectere
1768 995 1777 1008 ,
1792 972 1810 1003 fi
1824 969 1946 1003 notuiffi
1955 982 1965 1002 t
1975 971 2003 1002 in
2015 983 2084 1004 cau-

340 1038 399 1071 sam
409 1037 533 1080 ingredi:
545 1035 593 1067 sed
601 1035 668 1077 quia
679 1035 707 1064 in
719 1033 797 1063 hunc
805 1029 894 1062 finem
904 1028 1017 1059 editum
1033 1023 1128 1067 fuerat
1144 1021 1318 1054 miraculum
1331 1043 1339 1056 ‚
1356 1020 1582 1056 vtillustraretur
1599 1018 1707 1051 Christi
1718 1028 1826 1048 nomen
1839 1039 1847 1053 ,
1858 1017 1918 1048 huc
1928 1017 2020 1049 statim
2032 1017 2083 1048 de-

339 1081 585 1115 scenduSciebat
596 1079 674 1112 enirn
683 1078 776 1109 setam
788 1074 920 1116 praeclare
930 1072 987 1103 Dei
996 1068 1114 1102 virtutis
1122 1065 1204 1099 fuisse
1216 1065 1423 1100 ministrum,vt
1435 1063 1560 1106 sigillum
1572 1062 1695 1093 haberet
1709 1061 1908 1103 confirmande
1919 1061 2085 1102 suqduetri-

341 1139 394 1160 nae.
415 1131 528 1158 Interea
536 1133 684 1167 coguntur
697 1121 798 1153 audire
809 1120 903 1160 impij,
914 1115 994 1158 quod
1004 1114 1121 1155 penitus
1132 1110 1275 1153 sepultum
1285 1110 1437 1141 volebant.
1460 1107 1625 1138 Proficiunt
1637 1116 1691 1140 vna
1703 1107 1732 1138 in
1750 1117 1779 1137 re
1790 1105 1882 1137 solum
1893 1125 1902 1140 ‚
1911 1104 2009 1136 omnia
2022 1118 2082 1138 ma-

342 1173 504 1206 chinando,
513 1181 545 1202 vr
554 1170 610 1200 illis
620 1169 650 1199 iri
661 1166 766 1198 faciem
776 1163 900 1194 obiiciat
912 1165 942 1193 &
953 1157 1050 1191 afferat
1062 1162 1177 1190 Petrus,
1189 1156 1270 1197 quod
1280 1164 1338 1184 tam
1351 1152 1473 1194 indigne
1482 1151 1615 1183 ferebant
1626 1151 1689 1180 aliis
1707 1149 1762 1181 esse
1783 1150 1904 1181 dietum.
1919 1149 2021 1180 Primo
2030 1162 2080 1182 au-

342 1226 404 1249 tem
416 1215 562 1247 Christum
573 1211 703 1244 miraculi
713 1210 865 1242 authorem
875 1205 951 1237 facit.
976 1203 1104 1235 Deinde,
1115 1201 1182 1242 quia
1190 1198 1343 1230 absurdum
1355 1195 1570 1242 &incredibile
1580 1195 1755 1230 videbatur,
1767 1203 1914 1225 mortuum
1928 1197 2078 1228 homiuem

343 1263 445 1294 diuina
455 1259 587 1301 potentia
599 1255 655 1288 esse
664 1255 815 1298 praeditum
824 1271 834 1286 ,
845 1251 958 1283 restatur
969 1247 1119 1278 Christum
1130 1245 1242 1278 viuere,
1252 1243 1319 1284 quia
1328 1244 1411 1273 Deus
1421 1240 1501 1271 illum
1512 1241 1527 1271 a
1537 1250 1632 1271 morte
1651 1240 1843 1271 extimuerit,
1853 1249 2002 1280 vicumque
2013 1252 2080 1273 eum

343 1302 558 1338 crucifixissent.
593 1306 636 1333 Ita
648 1299 820 1331 miraculum
832 1292 1016 1338 praedicandae
1025 1290 1133 1322 Christi
1144 1287 1361 1323 ,resurreetioms
1373 1285 1412 1315 illi
1428 1284 1541 1316 occasio
1550 1284 1598 1314 est.
1610 1286 1674 1314 Huc
1682 1293 1779 1314 autem
1793 1283 1963 1314 testimonio
1975 1288 2082 1325 proba-

343 1362 374 1383 re
385 1350 480 1382 voluit
491 1351 605 1383 Petrus,
616 1344 705 1387 ipsum
717 1342 773 1375 esse
784 1352 885 1374 verum
896 1337 1034 1368 Messiam.
1048 1347 1065 1366 c
1075 1346 1113 1364 κν
1122 1334 1264 1366 cir—rxiffl
1277 1330 1313 1362 ab
1323 1330 1380 1361 illis
1390 1339 1677 1364 commemoratmon
1687 1327 1800 1360 tanturn
1811 1329 2004 1368 exprobrandi
2015 1341 2084 1362 cau-

345 1394 383 1430 sa,
395 1405 425 1427 vt
433 1394 547 1436 culpam
560 1389 716 1433 agnoscunt
726 1400 733 1419 ι
744 1387 791 1419 sed
799 1397 830 1419 vt
841 1383 1008 1424 intelligant
1020 1383 1047 1412 le
1056 1376 1303 1420 frustrapuguass'e
1313 1373 1448 1408 aduersus
1458 1376 1569 1406 Deum.-
1580 1383 1667 1415 atque
1677 1373 1716 1404 ita
1727 1371 1883 1404 infeliciter
1895 1375 1924 1404 &
1935 1374 2042 1406 exitiali
2053 1386 2084 1407 e-

345 1449 438 1472 uentu
449 1437 544 1470 furere
552 1434 693 1468 desinant.
2028 1450 2032 1454 ⁴

380 1495 405 1515 11
440 1486 501 1514 Hic
517 1491 571 1513 ῑετ
581 1494 598 1512 1.
606 1475 864 1519 nrs.)Confirmat
874 1472 1024 1514 Scriptura:
1033 1467 1204 1501 testimonio
1215 1475 1274 1496 non
1283 1465 1339 1497 esse
1349 1475 1460 1496 nouum
1469 1463 1550 1506 qubd
1560 1461 1691 1495 Ecclefiae
1700 1462 1829 1505 praesules
1838 1486 1848 1500 ,
1858 1464 1907 1506 qui
1925 1462 2086 1505 splendidis

346 1528 442 1561 titulis
452 1527 624 1568 superbiunt
633 1546 641 1560 ,
652 1527 683 1556 δι
696 1523 817 1564 primam
829 1518 923 1551 sedem
934 1514 1117 1557 occupantin
1126 1511 1241 1553 templo
1250 1513 1306 1540 Dei
1317 1532 1327 1545 ,
1338 1510 1428 1551 impie
1436 1509 1688 1546 tameqchristum
1698 1509 1860 1540 rest-ceria
1870 1511 1949 1540 Quat
1959 1520 2029 1551 ergo
2038 1510 2083 1541 10-

197 1591 297 1616 matut.
348 1584 416 1605 cum
428 1583 462 1604 ex
470 1571 584 1603 Psalmo
593 1574 631 1600 118
642 1568 710 1600 :vbi
721 1565 911 1606 conqueritur
920 1560 1018 1592 Dauid
1027 1558 1054 1590 se
1064 1558 1080 1588 a
1091 1557 1193 1597 populi
1203 1556 1329 1585 ducibus
1338 1554 1476 1584 reiectum
1488 1551 1542 1583 esse
1551 1572 1561 1585 ,
1573 1555 1604 1583 &
1614 1562 1711 1583 tamen
1723 1553 1736 1582 a
1746 1555 1814 1583 Deo
1825 1552 1849 1584 se
1860 1552 1943 1584 fuisse
1953 1553 2080 1584 electum

196 1632 255 1648 mn.
345 1618 490 1661 gloriatur
499 1636 508 1651 ,
523 1615 574 1657 qui
583 1615 689 1654 primas
698 1617 824 1643 teneret.
832 1605 926 1639 Ponb
937 1603 1037 1636 vsitata
1046 1602 1215 1640 metaphora
1224 1597 1379 1629 Ecclesiam
1391 1598 1438 1628 vel
1465 1598 1548 1637 regui
1571 1596 1678 1626 starum
1691 1596 1812 1627 aedificio
1835 1608 1996 1637 comparat.
2017 1598 2082 1636 Qi

348 1659 659 1703 gubernaculatenent
669 1678 676 1690 ,
686 1665 739 1687 eos
751 1661 838 1685 vocat
848 1648 1033 1681 Architestos
1042 1656 1050 1675 ι
1058 1643 1086 1675 se
1098 1644 1171 1675 verb
1180 1643 1349 1684 primarium
1360 1642 1485 1682 lapidem
1496 1640 1565 1671 facit
1576 1659 1586 1673 ‚
1596 1650 1654 1680 quo
1666 1640 1774 1671 nitatur
1783 1651 1843 1671 tota
1852 1641 1964 1672 aedificii
1977 1643 2080 1673 moles.

348 1705 385 1735 Id
394 1705 473 1735 enim
484 1703 537 1734 fibi
551 1701 612 1733 vult
624 1712 640 1731 c
649 1710 729 1730 APVT
741 1696 848 1738 anguli.
856 1697 923 1725 Haec
937 1693 1027 1734 igitur
1038 1690 1076 1720 est
1085 1688 1209 1733 Dauidis
1219 1686 1380 1717 consolatio
1391 1707 1398 1721 ‚
1409 1685 1490 1727 qubd
1501 1694 1651 1725 vrcunque
1663 1685 1814 1716 damnatus
1823 1684 1910 1717 fuerit
1920 1685 1935 1715 ὲ
1943 1687 2081 1726 primori-

353 1749 427 1784 bus,
438 1758 470 1779 vt
483 1758 520 1778 ne
529 1755 693 1777 exrremum
706 1742 827 1784 quidem
839 1739 939 1775 locum
950 1735 993 1767 illi
1004 1734 1223 1774 relinquerent,
1234 1741 1293 1760 non
1302 1729 1578 1778 tamen3obstiterint
1589 1728 1668 1768 praui
1682 1731 1710 1758 Sc
1730 1729 1822 1769 iniqui
1836 1739 1938 1759 eorum
1950 1739 2087 1766 conatus,

348 1794 420 1838 quin
430 1792 549 1824 euectus
559 1791 588 1820 in
599 1790 725 1830 primum
742 1787 865 1816 honoris
875 1780 997 1823 gradum
1007 1778 1022 1808 a
1031 1780 1100 1808 Deo
1111 1774 1208 1805 fuerit.
1218 1777 1308 1814 Atqui
1320 1772 1543 1806 ‚adumbratum
1555 1773 1584 1801 in
1596 1772 1710 1802 Dauide
1721 1770 1774 1802 fuit
1786 1772 1866 1813 quod
1875 1774 1958 1804 Deus
1965 1772 2085 1809 absolu«,

346 1839 376 1871 ιὲ
385 1839 414 1869 in
424 1837 522 1868 Meffia
531 1833 651 1875 exprimi
661 1830 790 1863 volebat.
798 1826 875 1867 Apte
883 1834 980 1864 itaque
989 1824 1094 1852 Petrus
1106 1837 1115 1852 ‚
1125 1819 1196 1849 dum
1206 1817 1282 1858 apud
1294 1817 1407 1847 Iudaeos
1416 1818 1505 1847 verba
1515 1814 1594 1850 facit,
1605 1815 1662 1845 hoc
1672 1814 1790 1846 adducit
1798 1826 1934 1857 tanquam
1944 1819 1983 1850 de
1993 1818 2083 1851 Chri.

336 1883 393 1915 >sto
403 1880 569 1923 praedistum
579 1897 589 1911 ‚
601 1876 684 1907 sicuti
694 1875 724 1904 in
733 1882 800 1903 eum
811 1868 929 1911 proprie
938 1873 1108 1906 competere
1119 1862 1425 1893 nouerant.Tenemus
1435 1870 1513 1891 nunc
1521 1857 1659 1901 quorsum
1667 1861 1771 1891 citatus
1778 1858 1868 1892 fuerit
1879 1861 1895 1892 ὲ
1905 1863 1994 1893 Petro
2008 1860 2083 1894 Psal-

348 1937 423 1962 mus:
434 1936 470 1956 ne
480 1921 647 1962 Presbyteri
659 1917 765 1950 scilicet
775 1917 803 1947 δι
815 1912 986 1945 Sacerdotes
994 1911 1109 1942 honore
1118 1906 1167 1938 suo
1176 1904 1288 1937 temere
1298 1905 1367 1936 elati
1375 1924 1385 1939 ‚
1396 1904 1442 1937 ius
1452 1906 1483 1936 &
1492 1904 1645 1936 arbitrium
1662 1904 1808 1945 probandi
1830 1905 1948 1947 quiduis
1963 1906 2010 1939 vel
2027 1907 2082 1940 im-

351 1970 498 2014 probandi
509 1967 560 1999 sibi
574 1971 754 2006 arrogarent.
763 1959 885 1992 Constat
895 1958 974 1989 enim
984 1953 1112 1996 lapidem
1123 1951 1173 1994 qui
1184 1950 1220 1982 ab
1233 1949 1400 1981 architectis
1409 1949 1577 1990 repudiatus
1586 1946 1643 1980 fuit
1652 1970 1661 1984 ,
1671 1949 1728 1980 Dei
1741 1960 1827 1981 manu
1837 1950 1921 1982 statui
1933 1952 1964 1984 in
1982 1953 2082 1993 primu

352 2017 424 2048 loco
432 2034 441 2048 ,
451 2023 481 2046 vt
491 2021 584 2044 totam
594 2008 717 2040 domum
725 2004 872 2037 sustineat.
881 1999 975 2034 Porro
984 2021 994 2036 ,
1003 1999 1062 2029 hoc
1078 2007 1138 2028 non
1149 1994 1235 2027 semel
1245 2004 1359 2026 tantum
1369 1994 1486 2027 accidit,
1495 1993 1543 2026 sed
1553 1993 1689 2036 quotidie
1703 1995 1818 2035 impleri
1834 2003 1954 2037 oportet
1965 2006 1972 2026 :
1982 1995 2082 2029 saltem

356 2070 469 2092 nouum
481 2055 670 2089 &absurdum
681 2050 790 2083 censeri
800 2059 861 2080 non
871 2046 976 2078 debet,
988 2043 1007 2084 si
1019 2052 1097 2075 nunc
1107 2050 1227 2083 quoque
1237 2038 1389 2082 architecti
1399 2037 1548 2070 Christum
1565 2037 1707 2069 reiiciant.
1725 2039 1809 2071 Vnde
1826 2040 1920 2081 palam
1938 2039 2081 2073 refluus„

356 2103 463 2136 friuola
471 2105 554 2143 Papae
563 2098 696 2140 iastantia
705 2116 715 2131 ‚
726 2096 776 2137 qui
787 2093 898 2126 nudum
907 2089 1025 2123 titulum
1033 2087 1161 2118 obieetat
1172 2104 1182 2120 ‚
1191 2095 1222 2117 vt
1231 2083 1285 2115 fibi
1296 2082 1411 2125 vsurpet
1421 2083 1561 2124 quicquid
1572 2081 1612 2113 est
1620 2082 1738 2126 9hristi.
1755 2087 1791 2115 Vt
1801 2086 1884 2125 Papae
1901 2088 1933 2116 δι
1949 2086 2082 2117 cornutis
2108 2101 2110 2105 ν

358 2150 422 2181 eius
431 2147 528 2179 bestiis
537 2146 641 2177 demus
651 2141 731 2184 quod
740 2138 886 2181 postulant
894 2157 904 2172 ,
913 2144 1020 2176 nempe
1028 2131 1193 2163 ordinarios
1204 2127 1260 2160 effe
1270 2127 1400 2160 Ecclesiae
1407 2127 1552 2170 pastores,
1565 2137 1625 2158 non
1633 2127 1706 2158 vltra
1717 2131 1852 2169 progredi
1863 2129 1981 2160 tandem
1992 2138 2078 2170 pote-

356 2191 527 2234 runt,quam
540 2199 568 2220 vt
577 2195 720 2219 vocentur
729 2181 880 2216 architecti
889 2184 956 2212 cur'n
964 2183 1049 2210 Anna
1058 2176 1089 2209 δι
1100 2173 1366 2216 Caiapha.Planum
1377 2182 1475 2203 autem
1484 2171 1524 2203 est
1533 2170 1705 2212 quidvaleat
1716 2172 1764 2202 hic
1775 2172 1977 2214 titulus‚quem
1989 2174 2031 2204 illi
2041 2174 2079 2207 ad

358 2237 459 2269 caelum
470 2245 552 2266 terrae
561 2229 741 2264 miscendum
752 2228 879 2259 sufficere
889 2234 1001 2268 putant.
1012 2226 1073 2254 Iam
1084 2231 1117 2252 ex
1126 2219 1265 2252 hocloco
1275 2217 1440 2250 summatim
1452 2217 1582 2258 quaedam
1592 2225 1696 2247 notatu
1704 2217 1793 2259 digna
1800 2217 1904 2259 colliga
1910 2219 2080 2257 m1152Q0d

362 2293 380 2312 Α
388 2292 429 2311 xc
438 2291 493 2312 rur
500 2290 515 2309 s
523 2290 540 2309 c
547 2290 580 2309 rr
591 2277 712 2308 vocatur
722 2273 771 2314 qui
778 2270 904 2312 Ecclefie
912 2267 1156 2312 praesunt‚nomen
1167 2262 1258 2306 ipsum
1268 2272 1321 2293 eos
1329 2261 1417 2293 officii
1426 2260 1466 2292 sui
1477 2260 1666 2292 admonerSe
1677 2256 1747 2302 ergo
1757 2270 1836 2292 totos
1844 2261 1968 2292 aedificari
1974 2262 2013 2292 do
2021 2262 2082 2295 Dei

359 2324 476 2366 templo
486 2320 668 2364 impendant.
678 2320 714 2349 Et
724 2316 863 2358 quoniam
874 2325 936 2346 non
948 2322 1052 2343 omnes
1061 2310 1187 2341 fideliter
1197 2317 1303 2339 munus
1314 2306 1362 2337 sui]
1372 2305 1497 2339 obeunt,
1506 2304 1624 2349 videant
1633 2315 1760 2346 quenam
1769 2304 1802 2337 fit
1811 2305 1942 2348 legitima
1951 2306 2005 2338 rite
2014 2307 2083 2338 aedi-

362 2369 468 2402 ficandi
477 2369 552 2399 ratio
563 2388 573 2402 ‚
582 2373 690 2406 nempe
700 2361 848 2393 Christum
859 2370 912 2400 pro
920 2356 1115 2387 fundamento
1125 2353 1288 2385 retineant:
1298 2350 1405 2381 deinde
1416 2361 1452 2380 ne
1470 2348 1586 2381 foenum
1605 2349 1778 2381 admisceant
1795 2351 1842 2381 vel
1859 2349 1991 2392 stipulam
2005 2372 2013 2386 ‚
2032 2351 2081 2383 sed

208 2426 286 2455 ’μεριξ
295 2436 311 2458 3·
363 2424 458 2447 totum
469 2411 622 2443 aedificium
632 2418 666 2440 ex
676 2417 744 2447 pura
754 2404 887 2435 doctrina
896 2401 1046 2433 absoluant
1057 2410 1063 2428 z
1075 2395 1325 2438 quemadmodum
1336 2394 1440 2424 Paulus
1449 2393 1537 2424 docet
1547 2393 1697 2433 priorisad
1708 2393 1973 2436 Coriiith.3.capite.
1989 2392 2084 2434 de

158 2488 162 2489 γ
209 2470 264 2487 ⁶³⁷--
361 2461 444 2490 Deus
453 2456 602 2488 Christum
613 2449 741 2484 extulisse
752 2449 856 2480 dicitur
864 2466 873 2480 ‚
884 2445 932 2488 qui
941 2443 1068 2475 reiectus
1075 2442 1112 2472 ab
1121 2440 1287 2471 architectis
1298 2436 1392 2468 fuerat
1403 2458 1412 2472 ‚
1421 2437 1478 2467 hoc
1488 2439 1599 2479 erigere
1608 2438 1722 2469 animos
1738 2439 1851 2469 nostros
1865 2440 1955 2470 debet
1965 2460 1974 2474 ‚
1984 2439 2002 2469 fi
2013 2442 2082 2481 qui-

361 2504 402 2535 do
412 2502 487 2544 ipsos
497 2509 614 2543 quoque
622 2494 752 2528 Ecclesiae
761 2493 898 2535 pastores,
908 2489 956 2522 vel
966 2487 1015 2530 qui
1026 2486 1125 2517 saltem
1137 2484 1251 2514 honore
1259 2481 1384 2524 pollent,
1395 2481 1530 2512 videmus
1539 2480 1628 2522 impie
1636 2482 1768 2513 aduersus
1777 2483 1925 2515 Christum
1936 2483 2082 2526 insurgere

360 2559 391 2581 Vt
402 2558 467 2579 eum
481 2545 688 2577 exterminent.
697 2537 802 2570 Secure
811 2536 889 2568 enim
901 2557 909 2570 ‚
920 2543 990 2577 quas
999 2530 1086 2562 nobis
1096 2538 1253 2570 opponunt
1271 2527 1363 2556 laruas
1373 2547 1380 2561 ,
1391 2535 1580 2557 contemnere
1596 2525 1664 2556 licet
1676 2538 1683 2556 ·.
1694 2537 1730 2557 ne
1749 2528 1920 2559 dubitemus
1936 2528 2082 2560 honorem

360 2592 473 2624 deferre
484 2588 602 2622 Christo
615 2608 624 2623 ,
634 2596 721 2628 quem
733 2583 773 2615 illi
784 2583 866 2612 Deus
876 2577 1022 2618 vendicat.
1034 2573 1126 2613 de
1136 2573 1154 2603 si
1164 2572 1199 2603 ad
1207 2580 1324 2611 tempus
1334 2570 1510 2610 quiescendo
1527 2570 1685 2601 conniueat
1696 2592 1703 2606 ‚
1713 2571 1729 2603 ὲ
1745 2571 1861 2601 sublimi
1880 2582 1975 2602 tamen
1988 2572 2083 2604 hostis,

357 2637 510 2669 'audaciam
522 2633 595 2665 ridet
606 2653 615 2667 ,
626 2630 696 2661 dum
707 2629 736 2659 in
747 2637 820 2658 teria
831 2620 957 2656 sremuiit
966 2632 998 2653 ac
1007 2619 1227 2655 tumultuantur.
1239 2617 1374 2656 Preterea
1383 2637 1393 2652 ,
1401 2613 1420 2644 fi
1435 2614 1536 2657 validae
1547 2613 1599 2645 fint
1609 2625 1641 2646 ac
1653 2614 1787 2655 praesidiis
1795 2615 1935 2646 omnibus
1944 2615 2082 2658 instruile

361 2691 464 2713 eorum
477 2676 705 2719 conspirationes
716 2695 725 2708 ‚
736 2673 857 2702 statuere
868 2678 967 2700 tamen
977 2664 1119 2696 debemus
1128 2661 1236 2692 saluum
1247 2659 1356 2700 semper
1368 2658 1485 2690 Christo
1494 2659 1639 2690 honorem
1650 2658 1729 2689 suum
1740 2657 1813 2690 fore.
1837 2660 1932 2695 Huius
1949 2659 2034 2691 etjam
2048 2661 2082 2691 ᾗ.
2113 2662 2120 2664 t

361 2726 447 2761 ducie
456 2724 590 2766 sequatur
600 2720 754 2752 frustuswt
763 2714 853 2747 fortes
863 2713 949 2743 simus
959 2713 989 2742 &
998 2707 1135 2749 intrepidi
1143 2706 1173 2736 in
1183 2702 1330 2743 asserendo
1340 2702 1549 2746 Christioeegno
1558 2725 1568 2740 ,
1578 2704 1659 2735 cuius
1667 2703 1898 2734 DeusinuiCtum
1908 2702 1935 2734 se
1946 2702 2010 2736 fore
2018 2705 2083 2735 vin.

360 2762 458 2802 dicem
470 2766 700 2811 pronunciatDe
709 2762 788 2793 Petri
799 2757 959 2791 constantia
969 2757 1024 2786 iam
1034 2752 1143 2786 dietum
1154 2748 1286 2790 est‚quod
1294 2758 1366 2780 vnus
1377 2747 1539 2780 homuncio
1548 2747 1658 2778 iudices
1668 2747 1780 2778 habens
1789 2757 1846 2778 tam
1858 2746 2083 2782 infestos,solum

362 2824 461 2846 tamen
474 2814 586 2844 habens
598 2807 720 2852 periculi
731 2806 840 2837 socium
851 2825 859 2838 ‚
869 2802 979 2834 nullum
992 2797 1108 2830 timoris
1116 2794 1226 2836 signum
1236 2792 1374 2827 ostendit,
1393 2793 1462 2834 quin
1473 2791 1567 2825 libere
1585 2791 1794 2833 profiteaturin
1811 2791 1926 2826 rabioso
1936 2791 1988 2824 illo
1998 2802 2082 2824 coem

362 2859 443 2899 quod
453 2869 511 2890 tam
527 2853 653 2890 aduersis
663 2851 766 2883 animis
777 2858 929 2890 exceptum
940 2846 973 2875 iri
984 2843 1102 2888 scie-bat.
1113 2836 1377 2876 Qubdautemillis
1394 2836 1489 2868 seuere
1505 2837 1660 2878 exprobrat
1675 2834 1827 2868 admissum
1845 2837 1882 2868 ab
1893 2836 1960 2878 ipsis
1980 2835 2081 2872 [celus‚

360 2902 432 2934 hinc
441 2901 546 2943 petz-,da
554 2900 594 2932 est
603 2898 690 2930 nobis
699 2893 839 2938 loquendi
849 2889 959 2935 regula,
973 2888 1021 2919 vbi
1031 2896 1097 2917 cum
1107 2881 1236 2926 profestis
1243 2882 1372 2913 veritatis
1383 2880 1512 2912 hostibus
1523 2881 1610 2912 nobis
1621 2882 1776 2923 negotium
1788 2879 1909 2913 est.Duo
1919 2881 1995 2912 enim
2007 2881 2079 2912 vitia

360 2946 432 2978 hinc
441 2943 528 2977 nobis
536 2943 665 2978 cauenda
676 2942 788 2975 suntme
797 2937 901 2970 tacedo
911 2945 958 2966 aut
969 2930 1139 2964 coniuendo
1148 2924 1298 2973 videamur
1308 2925 1442 2956 blandiri:
1456 2925 1599 2966 perfidum
1611 2925 1688 2956 enim
1698 2922 1767 2957 esset
1779 2925 1851 2956 illud
1860 2924 2080 2965 filentium2quo

360 2990 533 3034 proderetur
544 2986 833 3021 veritas.Rui·sum,ne
841 2980 991 3013 efferamur
1001 2969 1389 3020 petulantias-‚autimmodico
1400 2970 1494 3000 calore
1505 2969 1752 3012 quemadmodum
1761 2968 1827 3011 sepe
1834 2968 1922 3000 animi
1933 2989 1941 3003 ,
1953 2968 2016 3008 plus
2023 2968 2082 3010 qui

362 3046 414 3077 par
426 3033 460 3066 fit
470 3055 479 3070 ‚
489 3034 516 3064 in
526 3032 719 3064 contentione
730 3027 885 3060 ebulliunt.
894 3024 952 3055 Hic
961 3033 1032 3064 ergo
1046 3020 1144 3061 vigeat
1171 3025 1276 3048 raurtas
1285 3032 1294 3046 2
1302 3012 1350 3045 sed
1361 3014 1508 3045 moderata
1518 3027 1524 3044 ι
1534 3013 1566 3045 fit
1575 3013 1667 3044 libera
1684 3013 1874 3056 obiurgatio,
1884 3011 1930 3042 sed
1941 3013 2011 3044 citra
2020 3024 2081 3043 ma-

363 3078 513 3111 ledicendi
521 3076 677 3108 feruorem.
687 3077 769 3105 Hane
777 3073 920 3104 rationem
931 3068 1066 3099 videmus
1074 3064 1089 3095 ὲ
1098 3027 1187 3137 Pe}
1195 3059 1307 3091 seruari.
1323 3058 1414 3089 Initio
1424 3057 1563 3100 siquidem
1581 3057 1745 3089 honorifice
1756 3058 1829 3098 ipsos
1839 3056 2014 3096 compellat:
2026 3057 2079 3093 vbi

364 3124 402 3157 ad
411 3134 472 3155 rem
482 3130 603 3154 ventum
614 3118 666 3153 est,
677 3117 842 3160 grauiterin
854 3111 1095 3156 ipsosinuehitur:
1106 3117 1141 3138 ne
1161 3103 1304 3137 ‘verbtam
1315 3102 1449 3134 scelerata
1459 3102 1585 3143 ipsorum
1594 3102 1731 3144 impietas
1744 3101 1816 3132 sueri
1826 3110 1950 3142 poterat.
1967 3104 2032 3132 Hoc
2045 3112 2078 3133 e.

366 3167 515 3210 xemplum
526 3166 575 3207 qui
584 3163 811 3204 sequentur‚non
823 3170 883 3190 tam
892 3161 1025 3191 Petrum,
1036 3152 1122 3196 quim
1132 3150 1189 3182 Dei
1198 3147 1334 3191 Spiritum
1346 3146 1450 3177 ducem
1461 3147 1626 3178 habebunt.

412 3225 442 3244 12
472 3214 545 3242 Nec
567 3220 584 3239 r,
594 3219 630 3238 ςτ
655 3219 687 3237 m
706 3217 788 3237 vtro
813 3215 827 3232 A
837 3215 888 3234 uo
911 3213 924 3230 s
935 3200 1040 3238 Arvs.)
1063 3202 1088 3228 Α
1098 3195 1189 3237 specie
1200 3189 1342 3225 tranfitad
1354 3200 1444 3233 genus
1457 3193 1503 3222 z&
1515 3190 1686 3222 abeneficio
1696 3187 1840 3230 corporali
1864 3188 2032 3220 conscendit
2042 3186 2080 3218 ad

369 3248 515 3299 integram
523 3252 653 3291 salutem.
675 3252 709 3281 Et
722 3249 784 3279 sane
794 3247 924 3278 Christus
932 3255 1021 3276 vnum
1033 3244 1090 3272 hoc
1099 3239 1193 3283 gratiae
1202 3237 1253 3268 suae
1262 3235 1406 3277 specimen
1415 3235 1546 3266 ediderat
1556 3257 1564 3270 ,
1577 3246 1607 3266 vt
1623 3232 1823 3275 agnosceretur
1833 3235 1935 3265 vnicus
1954 3233 2018 3264 vitat
2029 3242 2080 3263 au.

371 3302 524 3331 thoni-loc
533 3299 562 3330 in
571 3294 688 3338 singulis
698 3293 754 3324 Dei
765 3287 1167 3321 beneficiis'considerandum
1179 3282 1228 3318 est,
1236 3291 1302 3312 eum
1311 3277 1418 3310 scilicet
1428 3278 1482 3309 effe
1493 3278 1586 3309 salutis
1595 3277 1721 3310 fontem.
1741 3276 1896 3314 Caeterum,
1906 3278 1959 3310 hac
1968 3276 2082 3307 senten-

371 3344 548 3385 tiapungere
557 3337 819 3372 voluitsacerdotes
830 3357 836 3367 ,
846 3345 935 3375 quum
945 3342 1031 3373 negat
1042 3331 1111 3361 alibi
1121 3329 1238 3360 salutem
1249 3322 1402 3364 essequam
1412 3323 1441 3353 in
1451 3322 1567 3358 Christo
1578 3343 1587 3358 ,
1597 3332 1683 3364 quern
1696 3321 1863 3362 extinguere
1874 3321 2083 3353 moliebantur.

371 3389 415 3416 Ac
425 3387 441 3416 si
453 3387 623 3420 diceret‚bis
634 3384 784 3414 damnatos
794 3378 858 3412 effe,
869 3379 917 3419 qui
927 3376 1046 3407 salutem
1056 3374 1071 3405 a
1080 3376 1147 3404 Deo
1158 3371 1210 3402 fibi
1218 3369 1344 3401 oblatam
1355 3377 1414 3397 non
1424 3367 1515 3397 modb
1524 3367 1688 3407 respuerent
1697 3388 1706 3400 ‚
1715 3364 1760 3396 sed
1773 3367 1804 3396 in
1814 3366 1937 3397 nihilum
1948 3364 2082 3406 redigere

370 3425 644 3472 studererit,eii'isque
654 3425 780 3461 fructum
790 3425 820 3457 δι
830 3421 908 3455 vsum
919 3422 1062 3464 eriperent
1072 3419 1127 3450 toti
1138 3409 1386 3461 populo-Tametsi
1393 3421 1490 3444 autem
1500 3409 1710 3444 videtursurdis
1720 3410 1806 3442 verba
1816 3408 2084 3447 faceressoncrona-

610 3490 611 3493 ,
667 3481 670 3485 ·
1988 3460 2032 3486 tur
2041 3460 2083 3482 ta-
