2310 3841
324 174 402 208 292.

232 3100 367 3132 lentham.

347 238 425 285 plici
436 237 525 272 ruina
533 248 600 271 non
612 244 781 270 contentus
790 256 801 273 ,
810 233 862 269 bis
872 239 902 271 &
915 245 961 268 ter
972 232 1074 280 perire
1084 232 1166 266 vult?

348 287 489 321 Proinde
500 285 580 319 nihil
590 283 748 331 reliquum
759 281 804 317 est
812 282 973 330 quamDei
983 279 1175 320 iudiciis-Hac

351 335 488 387 gloriam
498 332 684 369 tribuere,Vt
692 343 763 365 cum
771 331 870 366 Paulo
881 327 1182 374 exclamemus,pro··

353 383 514 417 tundam&
526 377 882 425 incomprehensibilem
894 373 954 412 effe
963 374 1177 424 abyffiim.Sed

354 429 501 477 quaeritur
518 427 686 474 quomodo
705 425 886 472 prophetias
906 426 996 459 Deus
1013 424 1125 458 ludaeis
1134 424 1176 455 ·in

353 475 528 525 perniciem
538 473 669 510 cessuras
682 473 742 509 esse
752 473 950 521 pronuntiet,
962 484 1059 518 quum
1071 468 1176 515 effica-

354 526 431 559 citer
441 521 561 569 semper
579 523 612 556 in
623 524 677 557 illa
687 534 783 570 gente
799 521 937 569 viguerit
953 520 1020 553 eius
1033 518 1176 564 adoptio.

351 572 658 619 Respondeo‚quum
667 572 778 616 exigua
786 570 910 604 tantum
919 566 1028 614 portio
1037 564 1101 601 fide
1109 577 1179 599 ver-

353 621 432 655 bum
441 621 581 666 amplexa
591 618 670 652 sitin
680 616 874 656 salutem,hic
887 616 928 649 de
939 614 1055 648 maiori
1065 625 1179 648 nurne-

354 681 393 703 ro
403 669 454 702 vel
463 664 627 703 vniuersali
637 677 772 710 corpore
780 662 960 699 sermonem
971 661 1091 696 haberit
1102 666 1180 708 que-

354 716 530 751 admodum
542 713 661 752 Iesaias‚
672 713 942 746 vbicommunem
953 710 1057 758 gentis
1067 709 1181 743 interi-

355 775 426 798 tum
436 763 594 810 praedixit,
604 761 728 795 iubetur
738 762 861 805 Legem
874 759 941 793 Dei
951 759 1034 792 inter
1044 755 1181 803 discipu-

357 814 407 846 los
415 811 591 857 obsignare.
600 809 740 843 Sciamus
752 806 972 854 ergo,quoties
981 806 1105 840 ludaeos
1113 805 1181 840 Scri

357 871 445 907 ptura
457 857 554 891 morti
568 868 687 890 aeternae
698 854 1017 901 adiudicat,reliquias
1031 853 1181 899 excipi‚in

356 906 471 954 quibus
481 906 645 939 Dominus
653 903 792 949 gratuitae
801 903 969 938 ele-§tionis
977 901 1035 936 suae
1045 900 1131 936 causa
1140 898 1184 935 se-

358 967 433 990 men
443 953 573 999 aliquod
584 950 762 986 conseruat.
891 955 896 958 ⁴

390 1012 421 1047 35
458 1004 497 1036 Et
505 1004 610 1035 veniat
611 999 702 1048 saper
711 999 874 1037 vos.)Non
884 997 987 1032 modo
997 996 1134 1031 detrahit
1143 996 1184 1030 il-

358 1050 397 1084 lis
407 1049 494 1097 quod
505 1048 563 1082 sibi
572 1046 651 1083 falso
662 1043 916 1094 arrogabant,sed
927 1044 1096 1091 Prophetis
1105 1056 1185 1078 orna

357 1109 410 1132 tos
419 1094 506 1132 fuisse
515 1097 610 1131 docet
620 1094 746 1141 prorsus
757 1094 790 1127 in
803 1092 959 1127 diuersum
969 1092 1186 1137 finem,nequa

357 1157 429 1181 aetas
440 1144 592 1180 immunis
602 1142 675 1178 esset
686 1142 725 1177 ab
735 1142 840 1187 impiae
850 1140 1038 1176 rebellionis
1056 1139 1185 1174 scelere.

357 1195 446 1230 Nam
463 1204 644 1239 pronomen
652 1192 718 1225 Vos
728 1189 918 1236 generaliter
934 1199 1036 1223 totam
1055 1198 1187 1235 gentem

360 1241 378 1275 a
386 1241 485 1287 prima
497 1238 545 1273 sua
554 1239 681 1286 origine
690 1236 1034 1283 complefflturSiquis
1043 1234 1188 1271 obiiciat,

362 1302 430 1322 non
448 1299 625 1335 congruere
644 1285 708 1320 Dei
720 1284 842 1319 iudicio
859 1296 989 1330 poenam
1007 1283 1046 1318 de
1064 1293 1189 1329 patrum

365 1336 553 1370 criminibus
563 1334 646 1382 exigi
656 1334 672 1368 ὲ
683 1332 773 1367 filiis:
785 1333 818 1365 in
836 1343 987 1379 promptu
1005 1331 1124 1366 solutio
1132 1330 1189 1369 est,

366 1386 476 1431 Qun
489 1381 516 1417 se
527 1383 625 1428 impia
635 1380 846 1427 cospiratione
858 1379 947 1415 simul
963 1379 1191 1426 implicuerint,

367 1444 435 1466 non
446 1430 563 1465 debere
573 1429 741 1464 absurdum
750 1428 853 1463 videri
864 1426 887 1462 si
898 1428 1000 1466 Deus,
1009 1427 1193 1463 communi-

365 1491 413 1515 ter
421 1491 534 1514 omnes
545 1478 679 1525 puniens
688 1500 699 1516 ‚
714 1489 842 1524 poenam
861 1477 1001 1522 patribus
1009 1475 1149 1510 debitam
1159 1476 1193 1509 in

364 1527 466 1562 smum
476 1526 618 1561 filiorum
627 1525 760 1560 reiiciat.
789 1523 872 1559 Iuste
882 1537 960 1571 ergo
970 1525 987 1558 a
1005 1534 1073 1558 tota
1083 1535 1192 1571 gente,

364 1587 559 1623 quocunque
567 1573 672 1609 seculo
683 1572 733 1617 alii
743 1583 837 1620 atque
846 1571 900 1616 alij
912 1573 1068 1610 vixerint,
1080 1583 1193 1619 perpe-

364 1624 411 1658 tui
423 1634 628 1668 contemptus
637 1621 774 1670 exigitur
783 1620 878 1658 ratio,
889 1624 921 1656 δι
932 1632 1027 1667 poena
1039 1619 1130 1654 simul
1140 1632 1194 1654 ex-

364 1672 495 1719 petitur.
513 1673 602 1707 Nam
614 1669 689 1704 sicut
699 1671 789 1704 Deus
798 1669 901 1715 longo
911 1668 1069 1714 patientiae
1078 1666 1135 1702 suae
1146 1678 1194 1702 te·

367 1731 449 1754 nore
459 1732 530 1754 cum
540 1718 640 1753 totius
649 1717 761 1763 populi
772 1716 892 1752 malitia
902 1716 1085 1751 constanter
1093 1726 1194 1751 certa-

368 1768 427 1805 uit,
439 1766 479 1801 sic
487 1765 671 1801 inflexibilis
679 1763 860 1811 peruicaciae
870 1786 880 1802 ‚
892 1776 960 1811 quae
970 1763 1010 1798 ad
1019 1774 1195 1798 extremum

370 1815 467 1862 vsque
477 1814 615 1850 durauit:
627 1824 714 1848 totus
720 1813 856 1860 populus
865 1812 983 1847 merito
993 1824 1064 1846 reus
1073 1812 1199 1860 peragi-

371 1866 467 1897 tur.&
476 1862 564 1898 sicuti
573 1875 609 1896 ex
619 1861 787 1908 compaSm
796 1859 916 1907 singule
926 1871 1029 1896 aetates
1038 1858 1110 1894 suos
1118 1862 1200 1894 Pro-

372 1910 483 1957 phetas
492 1909 697 1948 necarunt,ita
706 1909 745 1943 ad
755 1920 928 1943 commune
938 1907 1092 1943 iudicium
1101 1920 1200 1943 voca—

372 1959 400 1992 ri
410 1961 502 2005 aequfi
512 1958 568 1996 est,
578 1970 612 1991 ac
623 1957 722 1992 caedes
732 1969 846 1991 omnes
855 1968 922 2004 quae
929 1968 996 1990 vno
1007 1954 1135 1990 cosensu
1145 1967 1201 2002 pa-

369 2016 454 2040 ttatae
463 2005 580 2043 sunnin
591 2005 744 2039 omnibus
753 2004 1100 2049 vindicari-Asianguinae
1108 2003 1202 2037 Abel.

369 2052 512 2087 Tametsi
522 2052 607 2088 Abel
620 2065 685 2086 non
697 2053 714 2087 a
724 2052 834 2086 ludaeis
843 2051 964 2086 occisus
981 2052 1043 2089 est,
1070 2051 1138 2084 eius
1155 2061 1200 2084 ta-

371 2113 447 2135 men
457 2113 568 2135 necem
578 2099 650 2148 ipsis
661 2100 794 2146 imputat
804 2099 950 2134 Christus
962 2121 973 2137 ,
991 2099 1066 2145 quia
1082 2099 1165 2133 inter
1174 2099 1202 2132 i-

370 2147 442 2195 psos
453 2153 482 2184 ὃς
496 2149 579 2183 Cain
599 2148 740 2195 quaedam
759 2159 825 2182 erat
845 2147 1019 2193 impietatis
1034 2145 1202 2194 cognatio:

372 2197 495 2243 alioqui
507 2209 572 2231 non
583 2197 749 2242 quadraret
761 2195 850 2242 quod
859 2195 948 2233 dicit,
958 2192 1144 2243 sanguinem
1153 2195 1203 2229 iu-

375 2243 456 2278 stum
468 2243 506 2276 ab
517 2244 611 2277 initio
625 2243 721 2289 vsque
733 2244 845 2277 mundi
854 2241 984 2278 effusum
995 2243 1012 2278 a
1021 2244 1204 2291 generatio-

376 2304 416 2325 ne
425 2290 493 2324 hac.
541 2290 624 2325 Cain
636 2302 714 2336 ergo
725 2290 841 2324 ludaici
850 2291 959 2335 populi
971 2302 1062 2334 caput
1073 2303 1108 2324 ac
1117 2292 1206 2335 prin-

376 2349 449 2384 ceps
460 2336 614 2383 :tutorque
626 2335 768 2370 statuitur
777 2357 787 2372 ,
814 2337 885 2381 quia
895 2348 932 2369 ex
949 2348 1017 2381 quo
1026 2337 1205 2381 Prophetas

375 2385 524 2420 occidere
536 2395 699 2430 coeperunt
725 2405 735 2421 ‚
761 2379 958 2417 successerint
973 2382 1006 2415 in
1019 2383 1086 2416 eius
1095 2384 1204 2416 locum

377 2434 464 2467 cuius
474 2429 598 2466 fuerunt
608 2432 796 2465 imitatores.
833 2430 937 2465 Porro
948 2430 1132 2464 Zachariam
1143 2442 1206 2464 no-

377 2481 477 2515 minat
489 2493 553 2514 non
565 2478 648 2527 quasi
665 2480 816 2513 vltimum
832 2480 1006 2524 Martyrem
1017 2491 1025 2511 :
1037 2481 1162 2524 (neque
1173 2490 1206 2512 e-

376 2529 445 2562 nim
457 2539 532 2563 tunc
546 2528 644 2562 finem
656 2525 799 2561 fecerunt
811 2526 905 2560 Iudaei
915 2524 1111 2571 Prophetarfi
1121 2525 1208 2560 caedi-

376 2575 525 2622 bustquin
537 2576 644 2622 potius
654 2574 728 2608 hinc
739 2577 837 2608 creuit
848 2574 912 2608 illis
921 2573 1049 2608 audacia
1066 2577 1096 2608 ἃ
1108 2570 1206 2608 furor:

378 2627 409 2658 ὅ(
421 2635 474 2669 qut
485 2623 579 2658 secuti
590 2623 657 2657 sunt
667 2622 784 2669 posteri
796 2644 806 2660 ‚
818 2622 880 2656 sese
892 2621 1129 2669 ingurgitarunt
1138 2621 1207 2656 san—

379 2672 476 2718 guine
487 2684 583 2719 quem
600 2681 702 2716 patres
714 2669 838 2704 tantum
852 2669 1046 2708 libauerunt)
1059 2681 1164 2718 neque
1173 2682 1207 2704 e-

379 2720 457 2753 tiam
468 2720 555 2765 quod
566 2731 654 2754 mors
672 2719 738 2752 eius
753 2719 853 2765 vulgo
869 2718 979 2751 notior
997 2715 1073 2752 esset
1084 2716 1208 2752 tametsi

381 2779 450 2801 earn
461 2768 540 2801 sacra
550 2767 707 2812 Scriptura
721 2765 922 2800 celebrat.sed
932 2764 991 2799 alia
1001 2765 1082 2800 ratio
1091 2764 1210 2812 esbque

383 2827 480 2861 quum
491 2813 764 2849 animaduersione
773 2814 867 2860 digna
878 2812 1155 2859 esset‚interpretes
1163 2815 1209 2848 la-

382 2863 536 2896 tuit.vnde
546 2863 640 2897 etiam
655 2859 737 2896 faeni
748 2861 792 2896 est
802 2871 835 2897 vt
847 2874 913 2895 non
928 2861 1028 2896 modo
1038 2861 1211 2896 hallucina-

382 2909 408 2942 ti
427 2910 483 2943 sint
497 2933 507 2947 ‚
534 2909 586 2945 scd
597 2910 837 2944 etiamlestorcs
847 2909 1064 2955 implicuerint
1079 2908 1212 2944 molesta

384 2956 566 2999 quaestione.
602 2956 718 3002 Lapsus
726 2958 813 2992 enim
833 2958 989 2992 memoria
998 2957 1101 2992 videri
1110 2953 1212 3003 posset

383 3003 619 3043 Christus‚dun·1
629 3005 746 3039 caedem
755 3017 850 3040 vnam
862 3005 1015 3040 vetustam
1023 3016 1211 3040 commemo

384 3063 455 3085 rans
463 3073 474 3088 ‚
486 3052 685 3086 innumeram
701 3053 800 3098 prope
810 3053 943 3098 stragem
963 3065 1031 3100 quae
1040 3052 1146 3098 postea
1155 3050 1210 3086 sub

385 3098 524 3134 Manasse
534 3097 613 3132 faeta
624 3099 832 3144 est,praeterit.
852 3102 971 3148 Neque
980 3101 1068 3135 enim
1078 3100 1117 3135 ad
1127 3112 1210 3135 tem-

383 3159 442 3194 pus
455 3145 743 3192 transmigrationis
763 3147 915 3182 cessarunt
925 3149 1005 3195 apud
1016 3149 1140 3184 Iudaeos
1150 3148 1213 3183 irn-

384 3196 441 3241 piae
467 3194 648 3228 sanctorum
676 3193 818 3228 virorum
845 3195 1117 3243 persequutiones.
1144 3195 1212 3231 imo

384 3254 484 3288 quurn
498 3243 559 3275 iam
571 3239 680 3274 affliffi
690 3239 916 3280 esscnt‚scimus
925 3244 1020 3289 quam
1030 3244 1214 3278 immaniter

384 3291 418 3323 in
430 3289 596 3323 Ieremiam
609 3287 773 3322 saeuierint.
797 3290 976 3335 Atquidata
984 3303 1080 3336 opera
1092 3292 1220 3326 Domi-'

386 3349 443 3369 nus
455 3349 521 3369 non
533 3347 675 3371 recentes
688 3335 750 3368 illis
760 3337 858 3370 caedes
867 3337 1035 3383 exprobrat
1047 3361 1056 3376 ,
1070 3337 1121 3373 sed
1132 3339 1213 3374 hanc

385 3384 487 3429 magis
496 3384 657 3428 antiquam
669 3383 782 3429 deligit
792 3391 874 3430 (quae
884 3385 978 3418 etiarn
995 3386 1121 3420 initium
1131 3392 1163 3422 δι
1174 3400 1214 3420 ο-

385 3429 458 3475 rigo
467 3429 525 3464 fuit
541 3431 693 3467 sceleratae
702 3430 885 3471 licentiae,vt
893 3431 1001 3478 postea
1011 3432 1044 3468 in
1054 3432 1211 3472 effraenem

816 155 895 202 ιΝ
945 113 1234 218 HARMO·
1283 148 1555 199 EvANG.

1225 230 1440 267 crudelitatem
1458 235 1671 277 erumperent)
1685 230 1757 279 quia
1767 230 1831 265 hoc
1850 230 1917 265 eius
1929 240 2046 276 propo-

1225 277 1285 322 fito
1303 279 1406 326 aptius
1429 290 1505 314 erat.
1541 282 1627 315 Nam
1642 278 1724 314 hanc
1739 278 1860 324 consilij
1878 279 1944 313 eius
1965 278 2049 311 sum-

1227 339 1311 369 mam
1321 327 1380 361 esse
1388 339 1487 374 nuper
1498 326 1625 374 exposui
1643 351 1654 365 ,
1677 339 1776 375 quum
1787 339 1865 374 gens
1876 327 1928 360 illa
1938 324 1978 359 ab
1988 326 2050 359 im-

1248 373 1341 408 ‘erate
1352 387 1420 408 non
1430 374 1586 410 desisteret
1603 398 1614 414 ‚
1640 387 1725 409 ream
1741 386 1890 422 peragere
1903 373 2052 407 omnium

1215 385 1360 472 -E'itfli'um
1369 434 1436 469 quae
1449 423 1511 457 iam
1521 424 1600 458 olim
1618 433 1798 468 perpetratae
1807 422 1937 457 fuerant.
1962 421 2053 467 Ergo

1217 464 1295 525 ςῥοῇ
1307 470 1465 516 praegsentis
1474 470 1594 505 tantum
1604 469 1728 505 saeuitiae
1740 470 1913 505 vindictam
1931 469 2053 504 denun-

1228 517 1307 551 tiat·v
1318 517 1383 551 ‘sed
1399 518 1558 554 rationem
1570 519 1632 553 illis
1644 518 1834 553 reddendam
1845 517 1905 552 eil'e
1923 517 2000 552 dicit
2015 516 2056 550 de

1229 536 1478 613 caedpzachuiae
1487 588 1498 605 ‚
1509 567 1566 602 acsi
1578 568 1644 601 eius
1662 565 1810 613 sanguine
1820 563 1999 600 madefaEtae
2010 562 2057 597 es»

1230 610 1298 646 sent
1307 611 1446 658 ipsorum
1456 627 1578 649 manus.
1601 616 1718 660 Neque
1728 614 1813 647 enim
1825 611 2001 659 probabilis
2012 610 2057 645 est

1231 672 1343 694 eorum
1352 662 1466 708 opinio
1474 663 1529 710 qui
1540 663 1650 698 hoc'ad
1660 661 1844 696 Zachariam
1853 659 1990 695 referunt
2001 660 2058 706 qui

1232 709 1386 754 populum
1399 708 1440 743 ab
1450 711 1546 745 exilio
1555 709 1757 757 Babylonico
1767 709 1918 743 reducem
1928 709 1967 742 ad
1975 719 2060 742 teni-

1233 757 1320 802 plum
1329 756 1550 793 aedificandum
1562 758 1702 792 hortatus
1712 756 1756 791 cst
1766 779 1776 795 ‚
1796 757 1882 790 cuius
1892 766 1996 790 extant
2006 768 2060 789 va-

1234 803 1355 839 ticinia.
1376 805 1519 840 Tametsi
1531 808 1617 841 enim
1629 806 1703 840 libri
1715 803 1879 850 inscriptio
1888 803 1991 838 filium
2001 804 2063 837 Ba-

1234 851 1346 887 rachiae
1355 849 1442 888 fuiffe
1452 854 1566 892 docet,
1584 853 1721 889 occisum
1731 863 1837 886 tamen
1848 849 1936 886 fuisse
1945 849 2062 896 nusqui

1234 901 1361 946 legitur.
1373 901 1488 936 deinde
1497 904 1604 937 coaCta
1615 902 1659 936 est
1669 900 1825 948 expositio
1837 922 1847 938 s
1857 899 1945 946 qued
1955 898 2064 933 medio

1234 959 1384 994 tempore
1405 950 1490 984 inter
1506 951 1611 985 altaris
1627 954 1658 985 ἃ
1680 948 1792 996 templi
1818 947 2065 983 aedificationem

1235 996 1356 1031 occisus
1364 995 1468 1032 fuerit.
1494 999 1547 1032 De
1556 1000 1656 1033 altero
1666 1009 1773 1033 autem¹
1781 995 1931 1030 Zacharia
1948 994 2064 1037 loiadae

1236 1043 1307 1078 filio
1317 1043 1398 1078 sacra
1416 1044 1547 1081 historia
1564 1045 1658 1080 refert
1675 1045 1762 1093 quod
1773 1045 1845 1078 huic
1857 1045 1932 1078 loco
1943 1041 2068 1088 optime

1238 1093 1386 1138 quadrat:
1398 1105 1513 1139 nempe
1524 1107 1621 1141 quum
1638 1094 1709 1141 post
1730 1103 1868 1128 mortem
1886 1096 1982 1138 patris
2000 1090 2065 1124 eius

1238 1139 1336 1186 impia
1353 1140 1453 1188 Regis
1470 1146 1500 1176 Sc
1511 1142 1620 1188 populi
1640 1136 1822 1176 detectione
1842 1138 1974 1186 collapsa
1994 1136 2068 1173 essct

1239 1199 1314 1222 vera
1324 1189 1573 1236 religio‚Spiritu
1585 1191 1649 1224 Dei
1660 1188 1747 1224 fuisse
1758 1189 1950 1225 indutu1n‚vt
1962 1187 2069 1233 publi-

1240 1247 1310 1270 cam
1319 1236 1535 1271 idololatriam
1554 1237 1658 1272 seuere
1679 1236 1870 1283 corriperet:
1884 1234 2024 1284 ideoque
2034 1235 2068 1268 in

1240 1283 1322 1318 atrio
1333 1285 1444 1330 templi
1461 1281 1548 1318 fuine
1565 1285 1748 1330 lapidatum.
1797 1282 1979 1320 Absurdum
1991 1283 2070 1318 vero

1242 1343 1309 1365 non
1329 1332 1373 1366 est
1393 1331 1474 1378 patri
1490 1332 1604 1367 Ioiadae
1622 1332 1758 1367 honoris
1776 1330 1862 1366 causa
1882 1330 2068 1377 impositum

1241 1376 1331 1413 fuisse
1339 1381 1496 1414 Barachiae
1506 1393 1693 1429 cognomen
1706 1394 1713 1413 ε
1727 1384 1800 1427 quia
1811 1392 1909 1427 quum
1924 1390 1992 1412 tota
2008 1379 2073 1412 vita

1243 1427 1311 1462 veri
1322 1429 1424 1463 cultus
1433 1426 1534 1463 fuisset
1545 1428 1805 1468 assertor,merito
1816 1425 2072 1462 benedictusDei

1244 1473 1363 1509 censeri
1373 1476 1497 1511 debuit.
1513 1478 1585 1512 Siue
1594 1488 1699 1512 autem
1711 1476 1876 1511 binomius
1887 1473 1982 1510 fucrit
1992 1475 2075 1509 loia-

1245 1523 1282 1558 da
1291 1546 1302 1562 ‚
1321 1522 1384 1558 siue
1394 1525 1545 1560 mendum
1557 1524 1636 1559 sitin
1648 1537 1729 1563 voce
1741 1524 1843 1566 (ficati
1854 1524 2075 1568 Hieronymus

1245 1570 1422 1616 existimat)
1434 1573 1474 1608 de
1493 1585 1528 1607 re
1544 1572 1628 1608 certe
1644 1574 1728 1606 nulla
1747 1572 1791 1607 cst
1814 1571 1972 1605 dubitatio
1999 1570 2076 1616 quin

1245 1618 1393 1654 Christus
1415 1619 1598 1668 sacrilegam
1623 1621 1711 1654 illam
1729 1617 1886 1654 Zacharia:
1908 1617 2078 1664 lapidatio-

1244 1679 1320 1702 nem
1331 1678 1423 1703 notet
1440 1691 1451 1708 ‚
1478 1681 1545 1716 quae
1554 1667 1699 1704 scribitur
1710 1680 1737 1702 2.
1750 1667 1944 1717 §Ihm-24&
1951 1666 2080 1701 22.Cir-

1247 1715 1421 1751 cunstantia
1429 1717 1494 1751 loci
1504 1717 1647 1751 criminis
1655 1709 1855 1752 atrocitatem
1865 1725 1976 1762 auget:
1987 1714 2078 1760 quod

1248 1761 1368 1798 scilicet
1377 1764 1490 1811 templi
1500 1763 1697 1800 sanstitatem
1713 1763 1843 1799 reueriti
1861 1775 1928 1797 non
1947 1759 2076 1796 fuerint.

1248 1812 1353 1846 Porro
1361 1811 1522 1861 Templum
1531 1812 1583 1847 hic
1592 1811 1724 1848 sumitur
1733 1824 1792 1858 pro
1803 1811 1898 1850 atrio,
1906 1821 1942 1844 vt
1950 1810 2020 1845 aliis
2028 1811 2081 1845 lo-

1249 1859 1394 1894 cis.Huic
1404 1861 1622 1908 propinquum
1631 1871 1697 1895 erat
1705 1861 1800 1894 altare
1807 1858 2084 1895 holocaustorum,

1249 1919 1284 1942 vt
1296 1908 1449 1943 Sacerdos
1466 1908 1500 1942 in
1515 1907 1688 1954 conspectu
1696 1908 1808 1954 populi
1824 1907 1971 1942 vifflmas
1982 1905 2084 1941 offer-

1250 1967 1310 1990 ret.
1331 1959 1472 2001 Apparet
1482 1955 1579 2002 igitur
1588 1955 1685 1990 nimis
1694 1954 1838 1989 vesanam
1849 1953 1938 1989 fuisse
1948 1953 2083 1992 rabiem,

1251 2016 1346 2050 quam
1358 2003 1462 2037 altaris
1471 2007 1501 2039 δε
1513 2003 1626 2049 templi
1637 2002 1824 2049 conspectus
1834 2000 1941 2038 sedare
1950 2014 2017 2036 non
2028 2014 2086 2048 po.

1253 2050 1316 2084 tuit
1324 2073 1335 2090 ,
1353 2051 1431 2098 quin
1440 2048 1560 2086 sacrum
1571 2052 1680 2087 locum
1689 2050 1828 2088 nefando
1839 2049 2021 2087 homicidio
2031 2053 2088 2084 lu-

1254 2098 1310 2133 daei
1321 2097 1489 2134 foedarent.

1288 2157 1328 2190 37
1365 2147 1525 2191 Ierusalem
1533 2171 1544 2187 ‚
1555 2147 1749 2191 Ierusalem.)
1785 2147 1848 2181 His
1857 2145 1964 2181 verbis
1975 2144 2087 2179 clarius

1254 2194 1452 2230 demonstrat
1462 2195 1610 2231 Christus
1624 2199 1721 2244 quam
1730 2194 1841 2230 iustam
1850 2193 1963 2228 habeat
1973 2205 2087 2228 excan-

1255 2242 1401 2278 descendi
1412 2243 1545 2284 causam,
1555 2246 1646 2292 quod
1654 2243 1882 2290 Hierosolyma
1890 2265 1901 2282 ‚
1919 2254 2016 2290 quam
2027 2239 2086 2275 sibi

1255 2292 1348 2326 Deus
1358 2291 1392 2326 in
1402 2290 1520 2328 sacrum
1531 2297 1562 2328 δι
1573 2292 1657 2339 quasi
1669 2291 1788 2329 caeleste
1807 2290 2010 2326 domicilium
2022 2291 2089 2323 ele-

1255 2348 1362 2383 gerat,
1379 2351 1446 2372 non
1457 2341 1560 2374 modo
1578 2341 1746 2386 indignam
1764 2339 1794 2374 se
1805 2338 1987 2386 praestiterat
1998 2348 2089 2372 tanto

1255 2384 1448 2422 honore‚sed
1460 2387 1558 2432 (quasi
1577 2387 1723 2433 spelunca
1733 2389 1893 2422 latronum
1905 2385 1993 2426 esset)
2011 2385 2089 2419 hau·

1254 2431 1369 2465 tiendo
1381 2433 1609 2477 Prophetarum
1619 2431 1763 2482 sanguini
1772 2437 1875 2481 longo
1887 2434 1938 2469 vsu
1949 2432 2080 2468 assueue-

1255 2488 1312 2512 rat.
1333 2478 1494 2514 Pathetice
1505 2492 1584 2528 ergo
1594 2482 1746 2516 exclamat
1760 2481 1908 2517 Christus
1917 2483 1954 2516 ad
1966 2492 2088 2516 tantum

1256 2537 1442 2571 portentum
1456 2549 1467 2566 ‚
1485 2529 1573 2575 quod
1584 2528 1610 2563 sa
1616 2531 1688 2564 nesta
1698 2530 1765 2564 Dei
1774 2531 1884 2563 ciuitas
1893 2529 1933 2564 εὸ
1943 2529 2089 2564 amentiae

1256 2574 1377 2621 delapsa
1389 2586 1472 2621 erat,
1491 2587 1525 2611 vr
1542 2575 1711 2616 saluificam
1723 2577 1789 2613 Dei
1809 2578 1990 2612 doftrinam
2009 2579 2090 2611 Pro-

1255 2621 1422 2668 phetarum
1443 2622 1593 2671 sanguine
1610 2625 1735 2671 pridem
1765 2627 1952 2673 extinguere
1977 2636 2091 2660 conata

1259 2668 1343 2704 esset.
1368 2675 1482 2718 Atque
1492 2671 1554 2707 huc
1563 2670 1680 2719 speetu
1689 2673 1839 2720 repetitio
1849 2673 2004 2712 nominis,
2016 2673 2091 2719 quia

1257 2727 1323 2753 tam
1333 2718 1518 2766 prodigiosa
1533 2724 1564 2756 δε
1583 2720 1779 2756 incredibilis
1799 2722 1944 2768 impietas
1955 2719 2098 2768 detestas

1258 2768 1349 2800 tione
1361 2779 1426 2801 non
1437 2769 1558 2815 vulgari
1568 2768 1663 2817 digna
1673 2771 1825 2805 erat.Ncc
1833 2770 1912 2804 verb
1922 2768 2093 2814 exprobrat

1259 2813 1406 2849 Christus
1415 2827 1509 2850 vnam
1520 2817 1644 2853 tantum
1653 2839 1664 2856 ‚
1678 2818 1730 2853 vel
1739 2819 1870 2853 alteram
1881 2819 1998 2852 caedem
2007 2838 2019 2855 2
2037 2814 2091 2851 sed

1260 2861 1318 2896 hac
1336 2861 1566 2899 consuetudine
1584 2864 1741 2900 imbutam
1759 2864 1819 2901 esse
1837 2863 1951 2901 vrbem
1969 2864 2091 2899 dicit'vt

1259 2909 1455 2955 Prophetas,
1471 2913 1633 2960 quotquot
1642 2913 1812 2948 mittuntur
1831 2937 1842 2953 ‚
1865 2913 2012 2949 occidere
2022 2923 2091 2944 non

1260 2956 1390 2992 desinat.
1425 2959 1630 3006 participium
1644 2963 1732 2996 enim
1751 2962 1829 2996 loco
1851 2959 1985 3010 epitheti
2003 2957 2091 3004 posi-

1261 3016 1328 3039 tum
1339 3004 1402 3040 est:
1427 3005 1485 3040 acsi
1500 3007 1621 3043 dixisset
1631 3009 1796 3048 Christus,
1805 3010 1860 3043 Tu
1870 3031 1881 3048 ‚
1903 3019 1972 3054 quae
1985 3005 2091 3041 fidelis

1260 3052 1351 3087 verbi
1361 3052 1425 3087 Dei
1435 3053 1539 3090 custos
1549 3079 1559 3095 ,
1569 3057 1696 3092 caelestis
1704 3055 1860 3103 sapientia:
1869 3053 2026 3101 magistra,
2040 3055 2094 3088 lu-'

1261 3112 1354 3135 cerna
1364 3102 1474 3136 mundi
1483 3125 1493 3141 ,
1503 3100 1576 3137 fons
1585 3107 1676 3149 1·ectae
1690 3104 1861 3142 dossrinae,
1879 3102 1966 3138 sedes
1986 3101 2090 3136 diuini

1261 3149 1364 3183 cultus
1372 3171 1382 3187 ,
1392 3148 1467 3184 fidei
1479 3154 1511 3186 ἃ
1522 3150 1714 3188 obedientiae
1726 3152 1887 3199 exemplar
1897 3150 1958 3184 esse
1969 3148 2090 3184 debue-

1261 3196 1555 3242 ras‚Prophetarum
1568 3212 1602 3233 es
1611 3198 1816 3237 interfefirim
1829 3209 1861 3232 vr
1871 3199 1933 3233 iam
1943 3196 2093 3233 habitum·

1285 3244 1418 3278 uendam
1435 3247 1628 3281 contraxeris
1646 3247 1805 3296 sanguinis
1822 3258 1935 3281 eorum
1954 3244 2090 3280 sorben-

1283 3292 1305 3326 i.
1341 3292 1430 3326 Hinc
1439 3292 1536 3340 igitur
1544 3304 1647 3338 patet,
1663 3294 1755 3329 omni
1766 3306 1883 3340 genere
1892 3294 2089 3340 probrorum

1262 3337 1349 3374 fuisse
1358 3339 1545 3386 dign0s‚qui
1555 3342 1619 3375 Dei
1628 3340 1837 3381 santstuarium
1847 3353 1911 3376 tam
1922 3339 2008 3376 foede
2016 3353 2090 3387 pro-

1260 3385 1455 3422 fanauerant.
1466 3389 1659 3434 Quanquam
1671 3389 1766 3424 etiam
1778 3388 1867 3424 simul
1878 3389 1998 3423 Christi
2008 3401 2090 3423 con-

1262 3434 1364 3481 silium
1390 3431 1450 3470 fuit
1473 3457 1484 3475 ,
1514 3432 1661 3472 scandalo
1700 3437 1789 3485 quod
1814 3439 1914 3484 prope
1942 3436 2087 3473 instabat,

1326 3509 1330 3512 -
1970 3493 2084 3519 occur-
