2310 3841
418 118 481 147 toz

421 172 515 211 ‘sicuti
523 172 588 208 iam
597 172 675 212 dixi,
686 182 848 218 nunquam
857 166 1059 207 discretionis
1067 166 1185 216 Spiritu
1193 187 1205 204 ‚
1214 164 1271 201 vbi

426 236 509 270 opus
519 222 582 261 est,
592 222 717 258 destitui
727 220 837 256 fideles
848 241 856 255 ‚
866 218 923 265 qui
930 214 1102 252 modo-fibi
1122 212 1216 248 diffisi
1237 218 1271 248 &

427 272 563 320 proprio
576 269 664 306 sensu
674 271 777 305 valere
787 264 868 302 v'iusso
886 289 897 305 ,
912 276 1005 304 totos
1015 263 1046 298 se
1054 263 1104 297 illi
1111 262 1273 315 regendos

426 321 568 363 ‘tradunn
611 323 734 359 Interea
745 314 1005 353 meminerimus,
1015 312 1053 346 ad
1061 311 1196 365 verbum
1205 312 1273 364 Dei

427 369 598 416 exigendas
607 368 666 402 effe
682 377 798 400 omnes
807 363 970 399 doarinas
985 374 993 395 ε
1015 364 1048 396 &
1058 360 1134 395 ideo
1145 371 1179 393 in
1191 358 1274 412 iudi-

428 418 539 453 caudis
547 413 835 464 pseudoprophetis
843 411 921 446 fidei
931 410 1112 457 analogiam
1124 409 1274 443 domina-

428 468 466 501 ri.
505 464 635 500 Deinde
655 462 861 509 spectandum
871 458 931 494 esse
941 459 1016 507 quid
1028 461 1119 493 Deus
1129 454 1275 502 Prophe-

428 516 469 549 tis
480 514 540 548 suis
551 512 718 559 Verbique
731 509 882 545 ministris
891 508 1052 553 iniungat.-
1065 508 1139 553 quia
1148 504 1222 538 inde
1233 502 1273 537 fi-

427 563 539 599 delitas
546 558 639 596 facile
659 558 806 608 dignosci
817 556 949 605 poterit.
987 552 1276 598 Quemadmodum

426 610 563 657 exempli
574 609 673 658 gratia
683 631 693 647 ‚
716 607 738 649 fi
747 603 1067 654 nobispropxonimus
1077 614 1145 650 quae
1164 600 1276 635 Paulus

428 661 462 694 in
474 659 648 707 'Episcopis
657 654 871 704 requirit,sola
879 654 935 688 illa
944 651 1122 703 descriptio.
1131 649 1170 684 ad
1181 650 1272 702 dam-

419 708 565 750 -nandam
577 718 678 741 totam
687 708 819 750 papatus
837 702 1012 743 colluuiem
1021 697 1159 743 sufficiet
1177 711 1185 730 ι
1203 707 1276 743 quia

428 757 578 792 videntur
588 755 659 790 data
679 764 777 798 opera
790 751 919 798 Papales
937 746 1069 783 sacrifici
1081 747 1275 786 contrariam

427 806 530 840 ideam
540 804 624 838 velle
633 801 822 847 exprimere.
860 799 969 842 Qare
977 795 1060 830 nihil
1069 795 1187 830 mirum
1199 793 1220 828 fi
1231 794 1277 827 iu-

427 853 549 889 dicium
559 852 598 886 de
609 847 899 898 pseudoprophetis
909 845 979 887 fieri
991 844 1274 896 vetam.Caeterum

427 902 508 937 clare
519 899 659 934 ostendit
671 897 722 931 hic
735 898 824 932 locus
834 918 845 934 ‚
853 907 913 942 pro
923 893 1030 928 nihilo
1039 893 1206 928 ducendos
1215 892 1275 924 elle

428 948 626 991 titulos2imo
638 959 696 981 nec
713 944 810 992 ipsam
825 943 1034 984 vocationem
1045 941 1147 981 inulti]
1159 939 1277 973 habere

428 997 609 1038 momenti,
633 995 692 1029 nisi
703 995 757 1042 qui
767 992 909 1040 pastores
918 1001 1074 1027 vocantur
1085 1012 1095 1028 ,
1113 993 1145 1023 &
1165 989 1204 1022 ad
1213 990 1275 1022 do—

426 1046 520 1082 cendi
531 1057 646 1081 munus
655 1042 762 1079 vocati
772 1041 842 1076 sunt
852 1063 862 1079 ‚
875 1039 1014 1075 fideliter
1034 1036 1147 1073 officio
1158 1035 1213 1069 suo
1226 1048 1274 1070 re-

426 1088 612 1142 spondeant.
662 1092 701 1126 N
703 1091 819 1137 unqutd
838 1090 981 1136 colligunt.
1001 1089 1063 1121 His
1080 1084 1273 1132 prouerbiis,

427 1156 496 1192 quae
507 1155 582 1178 tunc
594 1142 693 1188 vulgo
705 1141 777 1174 trita
788 1149 876 1172 erant
894 1160 903 1176 ,
921 1141 951 1172 &
965 1135 1113 1170 omnium
1124 1130 1275 1168 consensu

425 1202 552 1238 recepta
563 1214 572 1229 ‚
593 1189 762 1224 confirmat
773 1184 932 1223 Christus,
941 1184 1105 1222 neminem
1117 1181 1132 1216 Ξ
1143 1180 1277 1228 pseudo-

428 1240 596 1287 prophetis
615 1235 700 1285 poss'e
720 1236 824 1281 decipi
849 1233 907 1267 nisi
927 1233 982 1280 qui
1001 1231 1113 1278 sponte
1124 1230 1275 1264 caecutiet:

427 1288 501 1335 quia
510 1285 628 1322 fruetus
645 1286 746 1334 palam
758 1283 873 1318 faciant
887 1281 1012 1328 probos
1021 1281 1084 1314 Dei
1095 1277 1202 1313 seruos
1211 1301 1222 1316 ,
1242 1282 1275 1314 &

427 1337 554 1371 fallaces
568 1338 745 1381 operarios,
757 1345 824 1366 non
839 1331 928 1365 secus
937 1341 971 1364 ac
983 1329 1104 1363 fruetus
1123 1327 1274 1361 arborem

428 1385 611 1419 ostendunt.
653 1382 746 1428 Apud
763 1386 884 1415 Lucam
895 1379 1022 1413 videtur
1039 1377 1198 1424 generalis
1217 1374 1278 1410 effe

429 1433 583 1468 sententia
593 1445 653 1479 qua
663 1431 778 1465 doceat
789 1427 936 1464 Christus
948 1427 988 1460 de
1006 1437 1206 1472 vnoquoque
1217 1424 1278 1458 ho—

430 1483 518 1516 mine
529 1494 565 1515 ex
585 1478 743 1515 frurffibus
757 1477 913 1513 iudicium
925 1474 1043 1511 debere
1054 1473 1125 1509 fieri
1151 1496 1162 1511 ,
1189 1472 1280 1507 sicuti

429 1530 527 1565 arbor
538 1530 554 1564 a
566 1529 668 1565 frustu
680 1526 889 1575 dignoscitur.
926 1522 1100 1570 Postquam
1120 1522 1206 1556 enim
1218 1520 1282 1555 ob-

430 1579 646 1628 iurgationem
656 1577 761 1624 posuit
771 1571 916 1611 aduersus
926 1571 1108 1620 hypocritas
1119 1570 1175 1618 qui
1185 1567 1281 1605 festu-

902 1671 942 1709 M
956 1669 1124 1704 ATTH.
1164 1668 1260 1703 VII.

470 1785 508 1813 21
547 1781 632 1814 Non
641 1771 790 1827 quifiquis
800 1768 883 1809 dicit
890 1767 978 1809 mibi
989 1799 1000 1817 ,
1020 1768 1167 1808 Domine
1180 1796 1190 1812 ‚
1206 1765 1353 1803 Domine
1366 1788 1377 1806 ,
1388 1761 1532 1803 intrabit
1542 1764 1581 1801 in
1598 1776 1734 1818 regnum

429 1827 657 1882 colorum-sed
665 1823 938 1882 quisqiaisfecerit
949 1824 1167 1864 voluntatem
1172 1821 1277 1877 patris
1293 1822 1360 1858 mei
1369 1822 1430 1874 qui
1440 1823 1478 1859 in
1487 1820 1567 1863 caelosss
1577 1820 1632 1872 est.

474 1903 524 1928 22
568 1886 700 1928 eulalii
711 1884 825 1923 dicem
835 1874 922 1922 mihi
930 1885 968 1922 in
978 1882 1034 1921 illo
1046 1873 1562 1928 die,Dominc,Domine‚nbnne
1570 1877 1609 1914 in
1618 1879 1732 1916 nomi-

429 1956 474 1984 ne
481 1955 538 1983 tuo
547 1940 877 1998 prophetanimus&
889 1942 928 1978 in
937 1941 1077 1981 nomine
1087 1947 1143 1981 tuo
1154 1933 1317 1977 damonia
1330 1931 1542 1979 animuin&
1552 1935 1590 1972 in
1601 1935 1737 1972 nomine
1781 1954 1785 1960 =

430 2012 486 2041 tuo
498 2001 623 2044 multas
641 2001 791 2039 virtutes
801 1995 990 2036 edidimus?

471 2071 512 2107 23
553 2065 632 2100 esic
647 2065 720 2093 tum
735 2051 913 2103 confitebor
925 2051 1005 2097 illa,
1016 2058 1214 2104 &unquam
1225 2047 1307 2085 noui
1316 2058 1386 2083 vos
1398 2042 1576 2098 :discedite
1587 2040 1607 2079 d
1617 2054 1671 2081 me
1681 2042 1740 2095 qui

429 2115 617 2171 operamini
629 2112 860 2166 iniquitatem.
903 2127 909 2134 ·
1025 2158 1030 2171 ί

1007 2162 1026 2180 ι’.

477 2217 508 2240 21
548 2205 776 2251 anuisquis
785 2201 869 2236 dicit.
890 2205 904 2240 )
921 2199 1034 2234 Latius
1053 2199 1196 2234 extendit
1214 2198 1280 2234 ser-

432 2266 567 2292 monem
588 2252 676 2285 suum
695 2249 854 2284 Christus.
881 2259 986 2293 neque
1003 2246 1091 2283 enim
1103 2248 1228 2281 tanturn
1240 2248 1280 2280 de

432 2299 722 2352 pseudoprophetis
741 2297 808 2345 agit
818 2319 827 2335 ,
847 2295 903 2344 qui
930 2293 1074 2340 rapiendi
1094 2297 1126 2327 δι
1145 2294 1281 2328 vorandi

432 2350 519 2388 causa
528 2351 560 2384 in
572 2360 702 2396 gregem
711 2346 865 2383 insiliunt,
878 2343 931 2378 sed
941 2339 980 2377 de
992 2341 1196 2376 mercenariis
1204 2364 1214 2379 ‚
1226 2341 1282 2387 qui

431 2400 487 2436 sub
499 2398 661 2446 pastorum
671 2395 772 2442 specie
782 2392 934 2428 fallaciter
944 2390 973 2425 se
987 2390 1159 2429 insinuant,
1180 2398 1279 2436 quum

433 2459 542 2484 tamen
556 2446 647 2480 nullo
659 2443 783 2491 praediti
795 2441 854 2477 fint
869 2440 983 2475 affeetu
997 2438 1134 2485 pietatis.
1146 2437 1212 2473 Etfi
1221 2450 1277 2492 au·-

434 2510 501 2532 tem
512 2493 695 2542 hypocritas
713 2504 828 2526 omnes
847 2488 1075 2535 compleffitur
1084 2486 1152 2522 haec
1161 2488 1284 2527 destri-

437 2554 688 2592 na‚qu0cunque
701 2540 761 2574 sint
772 2539 872 2588 gradu
882 2538 933 2573 vel
944 2535 1282 2582 locozproprietamen

436 2593 571 2630 fictitios
605 2591 756 2626 doctores
785 2600 871 2622 nunc
906 2584 1091 2632 perstringit
1108 2607 1118 2629 ³.
1145 2584 1202 2631 qui
1219 2595 1282 2630 prae

435 2644 505 2677 aliis
515 2640 670 2676 excellere
690 2637 852 2671 videntur.
888 2636 1009 2681 Neque
1019 2632 1203 2668 sermonem
1215 2642 1284 2666 tan-

437 2692 506 2726 tum
521 2690 559 2724 ad
569 2700 627 2722 eos
637 2687 767 2733 dirigit,
777 2695 811 2718 vt
819 2681 1069 2720 securitatem,in
1079 2693 1142 2730 qua
1151 2681 1238 2716 velut
1247 2692 1281 2714 e-

436 2740 497 2784 brij
508 2739 624 2775 iacent,
637 2729 933 2782 expergefaciat,sed
943 2729 1053 2766 fideles
1063 2731 1158 2764 etiam
1169 2729 1283 2768 admo-

376 2788 492 2849 'Qffnet
502 2800 541 2821 ne
551 2785 667 2820 talibus
678 2783 774 2817 tarnis
785 2779 950 2827 plusquam
960 2790 1093 2826 oportet
1103 2778 1231 2813 tribuit.
1244 2779 1283 2811 In

437 2830 856 2879 summfflpraedici-nfimulac
873 2825 1165 2874 proferrefrustum
1175 2837 1292 2871 coepe-,

426 2884 479 2926 :rit
489 2882 636 2930 Euigelij
648 2880 809 2916 doctrina,
825 2887 859 2911 vt
873 2877 1056 2922 complures
1066 2875 1181 2910 habeat
1193 2874 1285 2909 disci-

405 2955 408 2959 .
425 2933 549 2978 ipulos:
562 2942 628 2964 non
640 2927 765 2965 tantum
785 2939 822 2961 ex
839 2927 940 2971 vulgo
950 2924 1131 2971 permultos
1149 2922 1220 2957 fore
1229 2921 1286 2969 qui

425 2978 518 3015 ‘falso
535 2982 566 3013 δέ
576 2989 632 3023 per
642 2975 878 3009 simulationem
888 2974 964 3009 dent
975 2969 1162 3010 nomen,sed
1173 2970 1206 3004 in
1217 2970 1286 3016 ipso

439 3041 504 3077 quo
531 3038 569 3060 uc
584 3024 700 3059 ordine
709 3021 870 3069 pastorum
881 3022 1016 3057 eandem
1027 3017 1286 3066 forepafidiam,

441 3088 475 3112 vt
484 3040 573 3110 faaiis
590 3070 720 3118 vitiique
739 3069 900 3115 abnegent
910 3070 999 3115 quod
1011 3081 1070 3103 ore
1079 3067 1285 3115 profitentur.

412 3123 429 3141 ¹
440 3130 552 3171 Itaque
559 3119 703 3170 quisquis
714 3120 797 3153 inter
806 3115 976 3162 discipulos
986 3119 1104 3152 censeri
1114 3116 1212 3163 cupit,
1224 3115 1286 3150 dan

442 3176 515 3209 dam
526 3171 571 3206 illi
582 3168 642 3204 esse
652 3180 784 3215 operam
796 3176 829 3200 vt
840 3163 1039 3207 sincere&ex
1047 3165 1159 3199 animo
1169 3164 1206 3199 ad
1217 3175 1288 3198 me-

423 3231 431 3248 '-
443 3221 605 3256 ditandam
614 3217 686 3251 vitae
697 3216 877 3250 nouitatem
887 3210 918 3247 se
926 3211 1157 3258 addicat.Apud
1166 3217 1286 3249 Lucam

427 3278 436 3293 ¹
445 3267 602 3314 generalis
622 3264 669 3300 est
693 3262 890 3309 obiurgatio.
932 3259 1024 3310 Qud
1046 3269 1147 3295 autem
1171 3261 1288 3296 vocatis

447 3329 510 3354 me,
532 3317 665 3350 Domine
683 3334 693 3351 ‚
716 3314 872 3348 Domine,
884 3313 946 3344 δί(-
983 3308 1046 3343 Sed
1062 3308 1135 3353 quia
1145 3320 1178 3344 vt
1187 3309 1288 3355 pluri-

448 3376 538 3396 mum
556 3363 620 3396 haec
639 3359 820 3405 corruptela
839 3359 855 3391 ῖι
873 3356 958 3391 siffis
973 3354 1164 3391 dofroribus
1182 3369 1289 3392 emcr-

449 3411 497 3457 git
507 3432 517 3447 ,
528 3413 557 3443 &
571 3408 693 3443 facilius
707 3406 747 3442 ab
763 3406 828 3440 illis
838 3406 872 3439 in
890 3415 997 3438 totum
1009 3415 1125 3447 corpus
1135 3414 1288 3448 penetrat:

448 3458 525 3493 ideo
541 3457 735 3493 nominatim
751 3454 835 3503 apud
858 3451 1048 3504 Matiliaeum
1065 3451 1100 3487 in
1116 3463 1174 3486 eos
1192 3452 1292 3501 Chri3

929 100 1004 141 IN
1057 96 1354 140 HARMO.
1397 94 1591 137 EvAN
1618 96 1668 135 G.

1314 176 1382 199 cam
1392 162 1584 211 perspiciunt
1595 165 1627 198 in
1637 163 1764 198 alterius
1776 163 1873 199 oculo
1885 185 1906 203 ,‚
1925 163 2049 199 trabem
2058 165 2092 199 in
2103 165 2162 218 suq

1318 225 1382 246 non
1403 213 1569 252 videntes,
1581 211 1738 247 continuo
1755 211 1826 259 post
1847 211 1983 247 subiicit.
2037 214 2113 248 Non
2124 220 2167 247 c-''

1315 264 1377 294 nim
1387 263 1486 306 potest
1500 260 1590 294 arbor
1608 263 1692 294 mala
1712 287 1722 303 ,
1742 266 1803 296 ὅτε.
1822 265 1854 295 δε
1873 260 2158 308 causalisparticula

1318 308 1358 355 75¹
1380 308 1502 343 videtur
1512 310 1588 343 duas
1597 310 1664 342 illas
1673 307 1839 347 sententias
1855 311 2059 345 eonnestere.
2096 312 2158 345 Sed

1318 356 1392 402 quia
1409 368 1530 391 certum
1551 356 1596 391 est
1611 359 1729 392 Lucam
1749 356 1834 391 sexto
1845 358 1903 390 illo
1917 359 2017 404 capite
2027 360 2159 394 recitare

1319 405 1460 441 diuersos
1477 405 1600 440 Christi
1617 403 1800 444 sermones,
1826 404 1896 439 fieri
1907 407 2001 440 etiam
2011 408 2114 453 potest
2125 419 2158 442 vt

1316 452 1447 488 breuius
1463 455 1605 501 attigerit
1621 455 1708 500 quod
1727 452 1851 500 plenius
1870 456 2161 499 exponituraMat-

1320 501 1416 536 thaeo.
1453 504 1525 537 Nec
1539 503 1726 541 aduerbium
1745 500 1862 537 causale
1872 515 2000 542 moror,
2011 505 2099 552 quod
2109 503 2161 538 sae-

1320 562 1360 597 pe
1369 549 1449 590 ‚alibi
1463 549 1688 596 superuacuum
1699 549 1744 585 est
1753 573 1763 589 ,
1782 551 1868 597 quod
1876 551 1973 586 etiam
1984 565 2021 587 ex
2030 551 2161 588 clausula

1320 609 1450 645 apparet
1473 612 1481 633 :
1508 597 1548 634 fic
1565 601 1653 635 enim
1664 599 1828 634 concludit
1837 601 1936 634 Lucas
1946 601 2030 635 hunc
2039 600 2165 636 sermo-

1321 659 1397 680 nem
1407 669 1417 685 ,
1436 650 1535 680 Bonus
1542 647 1624 683 homo
1635 648 1755 682 exbono
1765 647 1901 688 thesauro
1907 648 2061 692 corduſsu'
2069 674 2079 686 ,
2097 654 2161 686 &c.

1322 697 1442 742 Neque
1451 696 1538 735 enim
1550 696 1663 731 dubito
1677 697 1758 744 quin
1769 694 1887 743 absque
1895 695 1996 743 figura
2005 698 2164 744 exprimat

1323 744 1416 791 quale
1424 742 1551 781 fitistud
1569 744 1724 785 ,iudicium
1742 745 1829 792 quod
1839 744 1986 782 ,Christus
2005 758 2042 780 ex
2051 744 2164 784 frueti-

1324 791 1382 826 bus
1396 791 1467 826 fieri
1484 792 1573 827 iubet
1600 807 1608 827 ι
1632 805 1748 840 nempe
1765 804 1798 828 vt
1815 790 1925 827 sedulo
1936 793 2117 830 examinent
2126 794 2166 830 fi-

1323 841 1411 875 deles
1420 839 1574 889 quidnam
1584 841 1716 877 afferant
1725 842 1757 876 in
1769 841 1910 876 medium
1921 841 2016 890 quise
2026 842 2093 876 Dei
2101 841 2167 877 ser-

1323 903 1381 924 uos
1392 889 1584 935 profitentur
1610 904 1618 924 ε
1645 889 1704 924 acsi
1719 891 1963 936 diceret‚parum
1975 891 2079 925 valere
2089 891 2168 925 titu-

1322 939 1373 972 los
1398 939 1504 975 donee
1527 938 1627 985 reipsa
1654 939 1770 984 probet
1781 940 1834 986 qui
1844 939 1987 987 loquitur
1997 940 2167 974 Diuinitus

1324 985 1353 1020 se
1374 987 1434 1029 esse
1460 987 1598 1022 missum.
1634 989 1826 1035 Qanquam
1859 987 1995 1024 minime
2022 1000 2170 1036 repugno

1323 1036 1401 1081 quin
1427 1037 1668 1074 accommodari
1684 1035 1780 1081 poffit
1799 1036 1852 1071 hic
1873 1038 1964 1072 locus
1985 1037 2023 1072 ad
2032 1049 2168 1084 genera-

1322 1084 1387 1116 lem
1398 1083 1592 1119 doctrinam.
1619 1086 1661 1119 Et
1670 1084 1754 1120 certe
1765 1084 1921 1131 postrema
1933 1083 2171 1123 clausulamem-

1324 1143 1364 1177 pe
1374 1132 1462 1178 quod
1477 1137 1531 1167 Ex
1548 1133 1738 1168 abundantia
1756 1135 1854 1167 cordis
1863 1147 1894 1166 os
1904 1134 2053 1179 loquitur,
2072 1132 2169 1168 latius

1325 1180 1420 1227 quam
1437 1180 1476 1215 ad
1501 1180 1792 1228 pseudoprophetas
1808 1192 1892 1227 patet
1910 1205 1920 1219 ,
1947 1195 2045 1230 quum
2057 1183 2169 1230 vulga-

1325 1241 1358 1263 re
1369 1227 1405 1262 fit
1423 1229 1646 1275 prouerbium.
1696 1231 1726 1264 Si
1741 1231 1811 1277 quis
1821 1229 1965 1269 obiiciat,
1975 1231 2099 1278 linguas
2109 1233 2168 1265 ho«

1325 1278 1450 1312 minum
1475 1276 1552 1322 saepe
1571 1277 1701 1311 mentiri
1721 1289 1756 1311 vt
1781 1279 1906 1325 optime
1924 1279 2096 1326 loquantur
2113 1279 2170 1326 qui

1325 1323 1671 1373 peffimeaffeffisunt:
1709 1325 1910 1374 respondeo,
1932 1327 2097 1364 Christum
2116 1326 2170 1362 hic

1325 1374 1511 1421 simpliciter
1533 1375 1650 1410 docere
1668 1375 1755 1420 quod
1773 1386 1807 1409 vt
1816 1375 1991 1421 plurimum
2002 1376 2052 1411 vsu
2067 1377 2169 1412 venit.

1327 1425 1414 1459 Nam
1434 1420 1592 1462 etfiasiud
1615 1422 1721 1456 verbis
1742 1435 1802 1469 prae
1822 1422 1851 1457 se
1874 1423 1980 1459 ferunt
1995 1423 2172 1472 hypocritae

1328 1471 1425 1518 quam
1442 1470 1581 1508 habeant
1595 1470 1626 1505 in
1638 1473 1745 1506 cordis
1765 1468 1882 1506 recefl'u
1898 1486 1907 1506 ε
1929 1473 1962 1507 id
1971 1484 2085 1509 tamen⁴
2102 1485 2172 1508 non

1327 1520 1433 1555 obstat
1443 1521 1621 1568 quominus
1632 1521 1703 1566 apte
1713 1523 1744 1555 δι’
1754 1520 1829 1555 scite.
1837 1521 1946 1568 lingua
1957 1533 2089 1558 vocetur
2099 1521 2174 1557 cha-

1327 1570 1429 1605 rafier
1441 1569 1569 1604 mentis.

1746 1661 1894 1698 MARC.
1917 1665 2034 1701 LVC.
2074 1667 2146 1702 VJ.

1960 1769 2007 1813 46
2062 1765 2140 1816 ,Qui

1916 1830 2030 1858 autem
2064 1834 2133 1859 vo-

1916 1878 1996 1914 catis
2015 1889 2069 1915 me
2083 1907 2094 1924 ,

1917 1934 2080 1976 Domine,

1921 1990 2076 2035 Domine,

1924 2043 1959 2089 ᾗ·
1975 2058 2045 2083 non
2059 2043 2168 2098 ᾔει-ἰαὶ

1925 2115 1988 2154 yuae
1998 2100 2086 2144 dico?

1328 2195 1392 2232 stus
1401 2195 1693 2232 inuehitur.Facere
1701 2195 1901 2231 voluntatem
1911 2196 2095 2236 Patrimon
2106 2207 2178 2232 tan-

1328 2244 1399 2279 tum
1409 2245 1566 2292 fignificat
1584 2242 1810 2291 philosophice
1827 2243 1925 2278 vitam
1941 2249 1975 2280 &
1986 2258 2094 2280 mores
2103 2245 2178 2279 suos

1328 2292 1367 2326 ad
1382 2292 1536 2327 virtutum
1546 2293 1690 2338 regulam
1700 2291 1842 2327 formare
1851 2314 1861 2331 ,
1880 2291 1933 2328 sed
1943 2294 2039 2328 etiam
2050 2293 2181 2329 credere

1331 2339 1365 2372 in
1385 2338 1553 2374 Chsistum
1563 2363 1573 2378 ‚
1584 2340 1674 2374 sicuti
1682 2340 1817 2375 habetur
1828 2340 1943 2375 Iohan.
1955 2345 1987 2376 6.
1996 2355 2024 2376 e.
2035 2345 2179 2389 4o.N0n

1330 2398 1409 2433 ergo
1421 2386 1471 2421 his
1481 2387 1590 2421 verbis
1600 2387 1776 2422 excluditur
1787 2388 1868 2422 fides
1878 2410 1887 2423 ›
1897 2388 1948 2425 sed
1958 2390 2044 2438 quasi
2055 2391 2178 2439 princi-

1324 2436 1414 2482 pium
1425 2434 1568 2470 statuitur
1577 2435 1662 2470 vnde
1679 2436 1803 2482 reliqua
1813 2434 1928 2471 fluunt.

1364 2495 1400 2518 22
1436 2485 1544 2520 Mults
1557 2483 1659 2518 dicent
1673 2484 1758 2518 mihi.
1769 2488 1781 2523 )
1791 2486 1913 2519 Iterum
1933 2485 2009 2520 citat
2018 2485 2170 2522 Christus

1328 2531 1510 2579 hypocritas
1519 2532 1557 2567 ad
1574 2531 1664 2567 suum
1680 2531 1822 2566 tribunal
1847 2553 1857 2569 2
1886 2534 2170 2579 'quemadmodum

1327 2593 1427 2627 nuper
1437 2593 1474 2616 ex
1483 2583 1568 2616 Luca
1585 2581 1763 2616 retulimus.
1801 2578 1955 2627 Qandih
1965 2582 2051 2617 enim
2062 2583 2171 2619 locum

1327 2641 1486 2676 occupant
1494 2630 1528 2664 in
1536 2630 1602 2666 Ecc
1637 2627 1676 2664 fia
1685 2652 1696 2668 ,
1713 2640 1782 2664 tum
1802 2628 1861 2663 fibi
1878 2628 1935 2676 ipsi
1953 2629 2170 2671 blandiuntur,

1328 2687 1397 2713 tum
1410 2679 1492 2712 alios
1503 2690 1593 2727 quoq
1617 2691 1634 2712 e
1643 2677 1817 2725 decipiunt.
1855 2679 1954 2714 Diem
1968 2691 2047 2727 ergo
2056 2691 2172 2715 ventu-

1327 2739 1362 2760 ru
1368 2740 1398 2760 m
1409 2727 1597 2778 pronuntiat
1615 2739 1682 2774 quo
1691 2737 1844 2776 purgetur
1852 2739 1924 2762 area
1933 2750 1943 2767 ‚
1952 2726 2128 2777 quisquiiiae
2135 2739 2175 2763 ac

1329 2776 1424 2821 paleae
1433 2775 1450 2810 a
1466 2787 1548 2821 puro
1567 2776 1676 2810 tritico
1694 2776 1884 2822 separentur.
1920 2771 2118 2823 Prophetare
2135 2775 2171 2811 in

1331 2822 1454 2858 Christi
1466 2823 1660 2862 nomine‚est
1669 2823 1737 2858 eius
1748 2824 1920 2858 autoritate
1937 2829 1969 2860 &
1981 2824 2172 2873 tanquaini·

1331 2869 1387 2917 pso
1397 2872 1477 2906 duce
1486 2869 1576 2920 fungi
1587 2872 1727 2911 docendi
1736 2869 1860 2907 officio.
1882 2873 2165 2921 Prophetia'enim‚

1333 2932 1408 2954 meo
1418 2919 1640 2968 iudiciodarge
1650 2919 1700 2956 hic
1712 2919 1948 2963 sumitur,ficuti
1962 2916 2170 2968 14.cap.pri0-

1331 2967 1375 3002 ris
1385 2969 1424 3003 ad
1435 2968 1641 3003 Corinthios.
1651 2972 1781 3003 Poterat
1789 2969 1919 3017 quidem
1930 2968 2114 3016 simpliciter
2124 2969 2172 3003 vti

1330 3016 1502 3051 Praedicadi
1512 3016 1679 3052 verbozsed
1688 3017 1835 3052 consulto
1846 3016 1934 3064 quod
1945 3016 2044 3063 magis
2060 3016 2171 3050 hono-

1330 3063 1457 3100 rificum
1469 3077 1535 3100 erat
1545 3065 1659 3112 posuit,
1696 3078 1738 3100 uo
1749 3061 1865 3100 melius
1882 3062 2072 3110 'exprimeret
2086 3064 2168 3100 nihil

1331 3111 1390 3149 effe
1400 3124 1562 3148 externam
1571 3079 2013 3161 professionem,quocunque
2023 3110 2058 3145 sit
2067 3112 2173 3159 splena

1331 3163 1410 3198 dore
1418 3163 1500 3207 apud
1512 3161 1674 3198 homines.
1692 3161 1781 3196 Itain
1800 3161 1934 3195 nomine
1945 3158 2066 3195 Christi
2078 3161 2172 3197 edere

1332 3210 1465 3246 virtutes
1485 3210 1566 3245 nihil
1577 3211 1663 3246 aliud
1673 3209 1717 3247 est
1727 3209 1822 3256 quam
1832 3209 1900 3243 eius
1916 3207 2052 3248 virtute,
2069 3208 2171 3255 auspi-

1332 3257 1542 3304 ciis,imperio
1552 3272 1587 3294 ac
1596 3259 1692 3294 ductu
1701 3257 1850 3293 miracula
1859 3254 1961 3290 facere
1971 3270 1979 3290 ε
1991 3269 2173 3305 quanquam

1334 3307 1421 3343 enim
1440 3307 1594 3342 virtutum
1610 3317 1730 3341 nornen
1740 3303 1899 3338 interdum
1918 3304 1957 3339 ad
1968 3303 2101 3350 speciem
2114 3309 2176 3343 vna

1335 3355 1563 3391 miraculorum
1571 3351 1848 3400 restringitur‚h0c
1859 3362 1966 3386 tamen
1976 3354 2051 3388 loco
2062 3358 2094 3389 δε
2105 3355 2176 3401 plu-

1336 3403 1425 3438 ribus
1435 3404 1505 3437 aliis
1517 3402 1668 3438 miracula
1677 3400 1793 3448 quaeuis
1803 3399 1956 3448 designat.

1351 3449 1704 3499 23C15sz'teborillg's.)Hac
1713 3460 1795 3486 voce
1804 3449 1945 3487 alludere
1954 3449 2079 3486 videtur
2088 3447 2170 3532 esini

2139 3507 2172 3530 us

1613 3612 1667 3647 ὓ
