2310 3841
869 129 1331 181 COMMENT.

1932 159 1981 196 333

290 202 321 238 51
349 195 388 226 Et
399 197 583 233 ecce,vnus.)
592 193 694 227 Lucas
708 191 786 228 dicit
796 191 828 226 in
838 191 902 228 hoc
913 193 1088 240 conspiras:
1135 193 1199 229 stus
1209 195 1247 229 ad
1257 196 1444 242 generalem
1457 199 1599 244 regulam
1614 200 1684 234 suos
1692 211 1832 240 reuocat,
1844 213 1875 236 vt
1886 204 1901 237 a
1913 209 1978 250 gla-

243 241 275 276 se
290 254 405 275 omnes
417 242 589 288 ,discipulos
609 252 641 276 vt
659 253 719 288 pro
746 240 898 288 magistro
918 252 1085 276 certarent.

243 291 340 325 Vnde
351 289 451 323 rursus
477 300 602 335 apparet
612 300 734 337 quanto
745 290 846 336 magis
862 288 956 322 simus
970 289 1007 323 ad
1026 301 1085 335 pu-

243 349 322 384 gnas
334 335 468 371 animosi
478 349 511 371 ac
522 337 663 383 prompti
681 362 691 374 ‚
713 338 807 383 quam
825 338 862 372 ad
882 339 1084 386 tolerantiam

243 386 346 420 crucis
354 411 361 418 .
385 389 494 431 Qare
504 386 677 430 prudenter
687 384 807 431 semper
817 385 994 431 expendere
1003 397 1084 420 con-

242 434 332 467 uenit
343 434 420 479 quid
431 433 557 467 mandet
570 433 736 468 Dominus
747 455 756 471 ‚
777 437 807 468 &
819 434 896 480 quid
918 433 934 467 a
953 432 1084 486 singulis

241 481 328 515 nostr
337 479 390 515 iim
401 481 594 527 requirat,ne
605 482 664 516 zeli
675 480 772 515 nostri
785 480 891 515 feruor
902 480 966 516 fine
985 492 1082 515 ratio-

239 542 281 563 ne
292 534 321 565 δι
335 529 435 564 modo
447 529 584 563 ebulliat.
597 530 696 575 de
706 528 965 574 autemzdtscipuli
984 529 1080 564 Chri-

239 577 321 612 stum
333 578 480 612 dicuntur
491 576 612 624 rogasse
621 600 630 616 ,
643 589 708 611 non
723 589 762 623 eo
773 578 881 616 animo
897 576 1038 612 fecerunt
1050 588 1082 611 vt

239 637 387 671 parerent
397 627 464 660 eius
474 624 677 671 imperiozsed
688 625 736 659 his
747 624 852 659 verbis
864 625 964 660 testati
974 625 1043 659 sunt
1052 624 1081 660 se

239 675 277 708 ad
288 674 353 708 vim
365 673 505 708 hostium
523 673 688 709 arcendam
708 673 868 707 accinctos
879 673 937 708 effe
946 687 980 709 ac
991 686 1080 719 para-

239 715 302 756 tos.
321 723 397 758 Nec
410 724 486 756 vero
496 720 668 769 expestauit
680 723 788 754 Petrus
798 722 873 755 dum
887 721 944 755 libi
955 723 1080 757 daretur

238 771 438 816 percutiendi
451 773 632 804 mandatum
642 780 675 802 ac
687 767 816 802 facultas
825 792 834 806 ,
849 767 901 804 sed
911 781 1032 804 temere
1042 770 1080 804 ad

238 819 304 853 vim
315 819 460 852 illicitam
471 816 614 862 prosiliit.
628 815 762 849 Videtur
773 817 902 862 quidem
914 818 1021 862 primo
1033 818 1080 849 in-

237 867 318 900 tuitu
330 867 394 902 haec
406 865 569 900 strenuitas
588 864 679 898 laude
691 865 786 909 digna
797 863 874 897 effe:
888 865 976 909 quod
986 862 1076 898 disci·

238 917 304 960 puli
316 915 371 949 suae
381 913 576 947 infirmitatis
585 911 681 945 obliti
701 934 711 948 ‚
735 912 870 952 quanuis
888 911 947 946 fint
957 913 995 945 ad
1007 911 1079 945 resi-

237 962 383 997 stendum
394 962 528 1006 impares
539 984 548 998 ‚
570 971 705 1005 corpora
722 971 828 993 tamen
839 958 889 993 sua
908 971 965 1004 pro
977 960 1076 1008 magi-

237 1011 302 1046 stro
311 1013 519 1057 opponere‚&
529 1013 565 1042 ati
577 1019 695 1042 certam
707 1019 845 1042 mortem
856 1009 1000 1042 obiicere
1012 1020 1078 1042 non

237 1057 502 1103 dubitant.perire
515 1057 685 1090 enimcum
697 1056 850 1091 Domino
863 1059 971 1095 malsit,
984 1057 1078 1103 quam

236 1108 267 1142 se
276 1107 358 1142 vinis
375 1119 408 1140 ac
419 1105 601 1140 videntibus
620 1101 721 1149 ipsum
739 1104 891 1149 opprimi.
929 1106 989 1139 Sed
1007 1108 1080 1150 quia

235 1155 424 1202 praepostere
443 1154 512 1200 plus
524 1164 644 1187 tentant
662 1152 757 1199 quam
775 1152 854 1186 ferat
866 1154 932 1187 Dei
951 1154 1078 1186 vocatio

236 1206 286 1238 vel
299 1203 460 1250 permittat
477 1225 487 1240 ‚
513 1201 581 1234 iure
594 1201 760 1235 damnatur
783 1213 893 1234 eorum
907 1202 1079 1235 temeritas.

238 1255 346 1302 Qre
354 1250 556 1288 discamus,vt
569 1251 718 1284 Domino
736 1248 888 1295 obsequia
898 1249 1004 1283 nostra
1014 1251 1081 1295 pla-

238 1312 350 1338 ceant,
363 1299 401 1333 ab
416 1300 483 1333 eius
494 1309 569 1331 nutu
586 1297 744 1343 pendere,
766 1296 980 1343 nequisquam
995 1298 1080 1344 digi-

237 1359 306 1382 turn
320 1360 449 1382 moueat
461 1346 516 1380 nisi
527 1357 680 1393 quatenus
691 1345 797 1378 abillo
809 1345 900 1379 iuffus
909 1343 1014 1379 fuerit.
1034 1350 1081 1380 Ac

237 1397 313 1431 ideo
325 1395 492 1442 praesertim
505 1394 578 1427 huic
590 1393 750 1427 modestiae
762 1391 871 1426 sedulo
881 1395 1027 1428 addictos
1036 1396 1081 1428 es.

238 1443 270 1479 se
281 1445 432 1478 conuenit
444 1438 537 1488 ‚'quia
547 1443 625 1477 redii
636 1445 665 1476 δέ
680 1440 849 1486 compositi
861 1443 921 1476 zeli
932 1443 1011 1476 loco
1031 1454 1080 1475 tu-

238 1491 394 1527 multuosa
415 1503 445 1525 vt
456 1491 629 1536 plurimum
648 1489 680 1522 in
695 1488 790 1522 nobis
803 1490 1081 1537 regnatinaequali-

238 1551 296 1574 tas.
321 1541 457 1574 Nomen
472 1538 554 1571 Petri
567 1537 629 1571 hoc
641 1537 770 1582 quidem
782 1539 855 1572 loco
867 1536 1024 1572 subticent
1037 1538 1075 1571 E-

237 1586 419 1635 uangelistae
430 1602 439 1620 :
449 1585 498 1619 scd
511 1586 671 1619 lohannes
682 1585 808 1620 testatur
819 1609 829 1624 ‚
840 1590 870 1621 δε
883 1599 919 1620 ex
930 1597 1080 1620 contextu

237 1637 332 1682 paulo
342 1635 413 1682 post
422 1634 541 1681 patebit
558 1630 648 1667 fuisse
666 1636 796 1667 Petrum
808 1656 817 1670 ,
834 1635 889 1681 qui
906 1635 1006 1669 tacito
1020 1647 1082 1668 no—

239 1684 327 1719 mine
336 1683 387 1718 hic
397 1694 534 1717 notatur.
553 1684 720 1728 Colligere
732 1685 817 1715 tame
827 1695 863 1716 ex
871 1685 958 1717 Luca
968 1694 1081 1728 prom-

240 1744 329 1777 ptum
341 1731 384 1766 est
396 1755 404 1767 ‚
420 1732 502 1765 alios
521 1743 652 1778 quoque
669 1728 810 1763 eiusdem
831 1731 1081 1776 intemperantiae

240 1778 328 1815 fuiffe
339 1778 451 1814 socios.
463 1790 567 1825 neque
579 1779 666 1812 enim
675 1790 773 1812 vnum
785 1779 933 1812 duntaxat
943 1779 1080 1825 alloqui-

240 1827 357 1866 tur‚sed
368 1828 586 1862 communiter
597 1825 750 1860 omnibus
760 1826 857 1866 dicit,
868 1826 1080 1870 Sinitehncus-

263 1890 310 1910 ue.

240 1891 260 1923 q
305 1934 336 1963 52
373 1924 522 1956 Converte
525 1919 695 1966 gladium.)
720 1921 782 1954 His
796 1921 903 1967 verbis
911 1922 1084 1957 confirmat

241 1967 388 2004 Christus
395 1969 492 2014 Legis
502 1977 691 2015 praeceptuni
703 1992 710 2004 ,
722 1978 788 2013 quo
799 1968 930 2013 priuatis
939 1968 1084 2004 homini-

243 2017 303 2051 bus
317 2016 518 2051 interdicitur
531 2014 601 2049 vsus
613 2013 718 2061 gladii.
731 2019 778 2049 Ac
788 2014 958 2060 praesertim
968 2029 1085 2051 notan-

243 2066 283 2100 da
292 2065 336 2100 est
345 2076 446 2110 poenae
456 2062 575 2098 sanftio
587 2075 648 2110 que
658 2075 733 2097 mox
742 2063 985 2110 additur.neque
997 2064 1083 2098 enim

244 2113 354 2147 statuta
365 2112 502 2147 hominu
515 2112 649 2146 arbitrio
669 2108 726 2144 fuit
736 2122 831 2156 poena
849 2123 910 2158 qua
918 2113 1084 2158 proprium

240 2161 426 2207 sanguinem
437 2160 619 2194 vindicent:
639 2158 691 2192 sed
704 2159 794 2193 Deus
805 2158 870 2206 ipse
881 2171 942 2194 nos
950 2157 1057 2196 seuere
1067 2160 1084 2194 a

242 2209 379 2243 caedibus
388 2207 595 2253 prohibendo
606 2230 616 2245 ,
635 2205 764 2241 testatus
780 2207 826 2242 est
836 2209 930 2254 quam
942 2206 999 2241 fibi
1010 2207 1085 2241 cha-

241 2270 311 2291 rum
323 2257 357 2290 sit
368 2258 541 2290 humanum
552 2267 665 2303 genus.
714 2254 861 2290 Primum
872 2268 951 2302 ergo
969 2254 999 2290 se
1008 2256 1082 2295 vi&

243 2317 338 2338 manu
349 2302 478 2339 defendi
489 2315 554 2337 non
566 2305 633 2337 vult
649 2326 659 2342 ‚
680 2302 754 2349 quia
765 2305 856 2338 Deus
873 2314 1038 2348 percutere
1049 2304 1082 2336 in

241 2355 331 2398 Lege
341 2353 488 2386 vetuerit.
499 2354 607 2399 Atque
617 2351 680 2386 haec
690 2351 847 2397 generalis
858 2351 939 2384 ratio
949 2351 1083 2395 estzmox

241 2402 320 2436 vero
330 2402 367 2436 ad
378 2400 543 2445 specialem
553 2397 892 2433 descendit.Cae1erum
903 2396 958 2432 hic
968 2410 1082 2432 moue-

240 2459 290 2484 tur
301 2448 432 2496 quaestio
454 2470 465 2487 ,
490 2461 528 2482 an
538 2458 699 2493 nunquam
708 2446 801 2480 liceat
819 2447 850 2478 vi
858 2444 1006 2480 iniustam
1016 2447 1082 2481 vim

240 2498 483 2543 repellere.nam
494 2507 590 2542 quum
601 2498 698 2529 Petro
708 2494 875 2541 negotium
885 2492 960 2528 effet
973 2495 1082 2534 aduer-

239 2546 290 2579 sus
298 2545 417 2591 impios
426 2548 457 2578 &
468 2542 614 2578 scelestos
624 2544 763 2577 latrones
772 2563 783 2579 ‚
801 2542 967 2576 damnatur
975 2553 1082 2576 tamen

240 2593 329 2640 quod
363 2593 481 2626 laelium
491 2590 666 2637 arripuerit.
679 2591 710 2624 Si
721 2591 754 2624 in
765 2590 828 2624 hoc
839 2587 922 2625 facto
934 2591 1083 2624 modera-

240 2652 277 2676 tae
287 2605 478 2676 deffinfioni‘s
488 2639 634 2684 exceptio
646 2651 711 2671 non
727 2638 837 2676 valuit,
847 2638 972 2672 videtur
984 2638 1083 2674 Chri-

240 2689 305 2724 stus
315 2689 463 2723 omnium
475 2700 586 2721 manus
594 2687 705 2733 ligare.
726 2689 921 2732 Qanquam
930 2697 1036 2721 autem
1048 2687 1082 2720 in

241 2738 357 2784 quintfi
368 2747 459 2782 caput
468 2733 563 2768 fusius
575 2735 704 2768 trafflm
721 2733 738 2768 -ἒι
747 2733 845 2767 nobis
855 2732 913 2768 fuit
921 2734 986 2769 haec
998 2743 1083 2781 quae-

241 2786 302 2821 stio
317 2809 326 2823 ‚
344 2797 429 2818 nunc
439 2794 545 2817 tamen
564 2783 671 2828 paucis
683 2780 792 2817 verbis
807 2781 961 2817 iudicium
973 2796 1081 2817 meum

242 2831 514 2880 repetamJ’rimb
525 2830 608 2864 inter
618 2829 713 2865 ciuile
723 2832 755 2865 &
766 2827 965 2865 conscientiae
975 2829 1081 2865 forum

243 2882 439 2927 distinguere
449 2880 614 2914 conuenit.
626 2890 698 2911 nam
712 2875 733 2911 si
747 2878 943 2926 quislatroni
954 2877 1082 2917 resistat,

243 2931 316 2977 quia
326 2927 470 2964 aduersus
481 2928 656 2962 commune
673 2927 799 2971 generis
808 2925 938 2960 humani
956 2926 1081 2962 hostem

242 2980 330 3026 leges
340 2991 412 3011 eum
422 2985 546 3010 armant
555 2997 565 3013 ,
579 2973 710 3021 publicae
719 2985 821 3018 poenae
830 2987 896 3008 non
905 2975 966 3009 erit
975 2975 1084 3008 obno-

245 3027 325 3061 xius.
344 3029 390 3059 lta
400 3024 531 3072 quoties
540 3021 660 3057 iniustae
671 3022 831 3056 violentia:
843 3023 1018 3069 opponitur
1028 3023 1084 3056 de-

247 3072 345 3108 fenfio
362 3095 373 3111 ‚
401 3071 492 3108 cessat
509 3083 602 3116 poena
613 3082 707 3116 quam
726 3071 941 3117 exequendam
951 3071 1085 3106 terrenis

248 3120 406 3156 iudicibus
420 3120 582 3154 mandauit
596 3121 693 3152 Deus.
705 3117 866 3153 Caetcrtim
879 3131 944 3152 non
955 3118 1086 3165 simplex

249 3162 502 3202 causaebonitasa
513 3179 598 3200 reatu
619 3164 844 3200 conscientiam
860 3165 1016 3205 absoluit,
1029 3166 1086 3200 nisi

250 3216 375 3250 accedat
384 3228 479 3261 purus
489 3214 630 3250 affectus.
656 3214 744 3260 Ergo
755 3225 788 3249 vt
799 3214 870 3261 quis
884 3215 944 3249 rite
954 3228 989 3249 ac
1001 3214 1086 3248 licite

252 3261 283 3296 se
292 3260 438 3297 defendat
447 3286 457 3302 ,
468 3261 588 3298 necesse
598 3262 641 3296 est
652 3261 737 3308 prius
747 3261 847 3306 ipsum
859 3274 971 3310 exuere
982 3267 1011 3297 δι
1024 3261 1085 3295 ira-

252 3309 373 3345 cundiae
382 3307 544 3354 feruorem
556 3334 566 3349 ‚
579 3316 609 3345 &
622 3311 744 3354 odium,
755 3314 786 3345 δι
797 3309 1002 3355 cupiditatem
1014 3310 1082 3342 vin.

253 3359 356 3394 diRae2
366 3361 398 3392 &
408 3352 873 3404 omne‘s‘incompofirosanimi
884 3359 1021 3401 impetus
1031 3379 1041 3394 ‚
1053 3366 1087 3410 γε

252 3403 393 3441 defensio
402 3404 482 3442 nibil
491 3406 602 3440 habeat
612 3407 644 3440 in
656 3406 685 3440 se
695 3405 1002 3440 turbulentum.Hoc
1015 3415 1087 3456 quia

254 3456 326 3490 rarsi
336 3451 463 3492 est‚in1?›
474 3455 524 3490 vix
532 3466 672 3501 vnquam
684 3453 978 3501 contingit‚meritb
988 3452 1087 3487 Chn-

1134 243 1189 277 dio
1199 243 1325 289 prorsus
1338 244 1522 280 abstineant.
1549 251 1650 283 Porro
1662 250 1752 284 llulte
1763 250 1824 284 hoc
1836 253 1978 287 tellimo.

1111 288 1190 329 “nio
1200 290 1365 326 abulisunt
1383 292 1508 328 fanatici
1522 295 1672 330 homines
1691 308 1720 331 vt
1738 299 1879 344 gladium
1892 301 1976 332 iudi-

1134 335 1224 373 cib‘us
1234 351 1427 374 excuterent.
1454 341 1554 377 Nefas
1572 345 1631 378 effe
1651 347 1851 381 contendunt
1864 349 1975 394 gladio

1133 398 1308 434 percutere.
1321 390 1358 423 ld
1369 401 1478 424 verum
1492 391 1623 438 quidem
1633 394 1693 426 elie
1705 392 1805 428 fateor
1816 408 1823 428 ι
1835 397 1907 442 quia
1917 409 1975 430 ne-

1133 437 1212 469 mini
1222 435 1448 484 licetgladium
1460 437 1514 472 suo
1525 439 1660 473 arbitrio
1673 439 1767 475 sumen
1777 455 1792 476 e
1801 464 1811 480 ,
1829 456 1862 478 vt
1874 444 1909 477 lit
1919 457 1975 478 au·-

1132 483 1208 517 thor
1219 483 1369 529 cediased
1383 497 1468 533 nego
1481 486 1748 536 magistratus(qui
1759 490 1894 525 ministri
1907 493 1973 527 Dei

1130 530 1199 566 sunt
1210 555 1219 570 ‚
1231 541 1259 566 e<
1271 544 1325 578 per
1337 541 1419 581 quos
1428 535 1545 571 ,iudicia
1557 536 1606 569 sua
1614 540 1750 574 exercet)
1762 538 1794 571 in
1804 541 1973 574 communi

1130 581 1244 614 ordine
1253 579 1382 615 censeri.
1409 583 1499 617 Adde
1516 586 1602 629 quod
1615 584 1664 617 his
1676 584 1796 620 Christi
1809 587 1913 621 verbis
1924 589 1974 622 di—

1131 625 1209 662 serte
1227 628 1291 662 illis
1302 630 1366 664 haec
1377 629 1440 676 ipsa
1457 630 1597 666 asseritur
1617 632 1764 678 potestas.
1786 646 1860 667 nam
1871 648 1971 682 quum

1129 678 1317 720 pronuntiet
1327 679 1489 714 tollendos
1498 679 1633 714 emedio
1644 679 1704 721 ess'e
1714 681 1893 716 homicidas
1904 707 1913 722 ‚
1925 682 1971 718 se-

1129 724 1235 769 quitur
1245 726 1385 771 gladium
1396 729 1428 760 in
1439 740 1550 761 manus
1561 732 1641 764 tradi
1654 729 1833 770 iudicibus,
1843 741 1875 765 vt
1885 733 1971 766 iniu-

1129 773 1186 805 stas
1195 784 1288 806 neces
1297 774 1658 825 vindicent-Continget
1667 770 1796 825 quiiissrn
1807 779 1971 815 interdum

1128 813 1348 864 sanguinarios
1356 820 1507 856 homines
1518 825 1586 858 aliis
1595 827 1700 860 modis
1710 827 1835 872 puniri,
1848 827 1911 862 haec
1922 840 1970 863 ta-

1129 878 1203 898 men
1215 868 1375 902 o'rdinaria
1386 868 1430 902 est
1444 871 1526 904 ratio
1537 895 1548 910 ‚
1559 886 1619 919 qua
1631 875 1795 909 Dominus
1806 877 1968 912 crudelem

1128 912 1356 958 improborum
1366 915 1519 951 ferociam
1532 920 1690 965 compesci
1700 924 1802 957 voluit
1813 937 1852 957 ne
1863 926 1968 971 impu-

1130 960 1171 994 ne
1182 960 1341 1007 grassetur.
1362 967 1429 998 lam
1441 966 1527 1012 quod
1539 967 1598 1001 huc
1609 969 1812 1014 impudentiae
1821 985 1972 1018 prorum-

1130 1021 1204 1055 pere
1215 1011 1276 1045 ausi
1287 1010 1356 1046 sunt
1368 1014 1548 1050 Canonistae
1560 1016 1703 1062 quidam,
1713 1029 1745 1052 vt
1757 1019 1909 1054 docerent
1924 1023 1969 1055 n6

1129 1058 1229 1091 ablate
1237 1072 1266 1092 m
1278 1058 1366 1096 fuifle
1374 1063 1470 1096 Petro
1482 1065 1646 1109 gladium,
1658 1066 1708 1099 sed
1721 1069 1901 1102 mandatum
1911 1068 1971 1103 efl‘e

1130 1118 1162 1140 vt
1179 1109 1382 1142 reconditum
1413 1122 1536 1145 teneiet
1553 1113 1657 1147 donec
1676 1116 1824 1149 exerendi
1847 1117 1971 1151 veniret

1129 1157 1419 1199 oportunitas‚hinc
1430 1159 1634 1205 perspicimus
1644 1162 1739 1209 quam
1751 1163 1842 1199 crasse*
1853 1173 1881 1199 ot
1894 1177 1971 1211 pro-

1130 1203 1217 1237 terue
1229 1205 1293 1238 Dei
1305 1218 1352 1240 vet
1362 1206 1404 1239 bo
1416 1205 1570 1242 illuserint
1580 1206 1672 1244 cai‘ies
1683 1211 1742 1244 illi.

1177 1262 1191 1295 5
1194 1262 1207 1295 3
1246 1255 1302 1285 An
1306 1264 1393 1301 pum
1402 1258 1482 1300 quod
1492 1269 1548 1289 non
1563 1257 1687 1304 possam'.)
1726 1260 1874 1305 Sequitur
1885 1272 1970 1294 nunc

1130 1297 1273 1344 specialis
1285 1304 1336 1335 illa
1346 1305 1427 1336 ratio
1443 1326 1452 1341 ‚
1472 1306 1559 1338 cuius
1568 1308 1662 1351 paulo
1673 1308 1745 1341 ante
1755 1309 1902 1342 memini.
1913 1309 1972 1342 ad-

1131 1359 1242 1381 monet
1254 1350 1340 1383 enim
1355 1351 1631 1400 Christus,longe
1650 1356 1762 1389 melius
1779 1354 1973 1390 defensionis

1131 1407 1230 1441 genus
1241 1400 1271 1431 δι
1284 1410 1387 1444 magis
1397 1400 1579 1446 legitimum
1592 1403 1649 1436 nbi
1665 1404 1703 1438 ad
1714 1417 1842 1438 manum
1855 1403 1973 1443 fort-‚ni

1132 1444 1234 1490 liquia
1251 1448 1427 1490 parendum
1446 1449 1490 1483 est
1501 1450 1631 1484 decreto
1650 1452 1760 1485 Patris.
1797 1455 1874 1487 Haec
1887 1455 1975 1487 enim

1129 1489 1249 1526 sil-nilla
1261 1493 1304 1527 est
1314 1516 1324 1531 ‚
1335 1507 1433 1541 quum
1445 1509 1564 1530 aeterno
1579 1500 1643 1532 Dei
1655 1499 1789 1533 consilio
1801 1501 1975 1535 destinatus

1132 1538 1167 1572 fit
1179 1540 1211 1573 in
1224 1539 1408 1576 sacrificium
1419 1567 1428 1582 ‚
1442 1543 1539 1591 idque
1551 1547 1715 1592 Scriptura·
1727 1553 1862 1582 oraculis
1880 1549 1974 1583 testa-

1132 1597 1198 1620 tum
1212 1587 1326 1626 lit,non
1339 1589 1398 1625 effe
1411 1604 1521 1626 contra
1533 1596 1749 1641 pugnandum.
1771 1599 1817 1630 lta
1830 1599 1913 1631 Petri
1925 1611 1974 1632 te-

1133 1637 1262 1670 meritas
1277 1639 1335 1671 alia
1345 1640 1566 1675 circumstantia
1579 1647 1744 1677 damnatur
1754 1667 1763 1682 ‚
1775 1646 1862 1691 quod
1874 1658 1974 1680 cone-

1132 1694 1182 1717 tur
1192 1697 1259 1719 non
1274 1687 1397 1721 tantum
1411 1688 1529 1723 caeleste
1540 1692 1702 1725 decretum
1714 1692 1912 1732 labefactare,
1922 1693 1975 1728 sed

1131 1733 1215 1766 viam
1230 1746 1360 1782 quoque
1370 1735 1536 1770 obstruer'e
1555 1738 1683 1775 humani
1703 1742 1828 1787 generis
1845 1743 1974 1776 redem-

1132 1780 1331 1826 ptioni.Non
1343 1783 1444 1818 solum
1457 1786 1567 1820 inmite
1579 1788 1718 1834 gladium
1730 1790 1839 1823 extulit
1850 1793 1974 1828 Petrus,

1132 1828 1278 1865 sedstulti
1297 1835 1329 1866 δι
1339 1843 1481 1867 amentes
1490 1832 1616 1869 fuerunt
1626 1836 1872 1883 discipuli,quod
1883 1838 1975 1890 pguci

1133 1880 1165 1910 ἃ
1182 1876 1330 1913 imbelles
1349 1892 1458 1913 contra
1479 1882 1618 1916 militum
1628 1884 1806 1918 -cohortem
1827 1889 1858 1918 δι
1877 1886 1977 1918 maxi-

1135 1937 1219 1958 marn
1232 1926 1357 1960 turbam
1374 1928 1494 1975 aliquid
1504 1942 1596 1974 agere
1607 1941 1776 1964 tentarunt.
1801 1932 1890 1977 Ergo
1901 1935 1976 1965 Do-

1136 1972 1252 2009 minus,
1266 1984 1300 2008 vt
1312 1986 1423 2008 eorum
1444 1975 1607 2009 stultitiam
1621 1978 1800 2011 euidentius
1811 1991 1975 2025 coarguat,

1135 2018 1216 2052 hanc
1228 2022 1502 2064 comparationem
1523 2025 1614 2068 ponit
1640 2047 1650 2062 ‚
1675 2027 1703 2058 Si
1726 2028 1929 2070 quaerenduni
1938 2027 1977 2061 sit

1135 2067 1258 2101 tuendae
1269 2069 1340 2100 vitae
1354 2069 1549 2113 praesidium,
1564 2070 1620 2104 sibi
1638 2072 1748 2117 praesto
1759 2072 1827 2107 fore
1837 2086 1904 2107 non
1915 2087 1975 2108 vn-

1135 2113 1239 2148 decim
1250 2117 1414 2161 Angelos,
1432 2115 1483 2152 sed
1495 2117 1658 2163 copiosum
1671 2125 1701 2155 &
1719 2121 1874 2155 inuictum
1886 2135 1974 2156 exer-

1135 2162 1247 2195 citum.
1261 2175 1358 2209 quurn
1372 2176 1451 2211 ergo
1468 2168 1614 2212 Angelos
1633 2169 1670 2201 ad
1691 2181 1786 2213 opem
1799 2168 1973 2211 fibi-ferenq

1135 2208 1207 2243 dam
1219 2222 1283 2243 non
1297 2211 1449 2249 accersat,
1469 2216 1571 2247 multo
1585 2216 1690 2248 minus
1705 2217 1970 2253 inconfideratum

1134 2257 1267 2290 modum
1279 2261 1456 2303 expeteres&
1465 2274 1530 2306 quo
1543 2263 1626 2295 nulla
1637 2262 1783 2308 speranda
1796 2264 1830 2297 lit
1841 2266 1969 2300 vtilitas.

1133 2303 1250 2336 Nihilo
1262 2306 1348 2338 enim
1363 2319 1463 2352 magis
1477 2308 1596 2353 profuit
1607 2313 1790 2345 tumultuari
1803 2312 1971 2359 discipulos

1133 2351 1373 2397 quanifipaucae
1384 2356 1637 2403 ranaesirepitum
1649 2371 1825 2394 mouerent,
1852 2363 1970 2396 Frustra
2006 2399 2008 2401 ,

1131 2408 1236 2433 autem
1249 2399 1300 2434 hic
1310 2401 1456 2436 laborant
1472 2410 1601 2450 quidam
1615 2408 1802 2454 interpretes
1812 2433 1821 2446 ,
1832 2422 1969 2454 quomo-

1132 2446 1176 2480 do
1185 2449 1332 2495 Angelos
1343 2453 1512 2496 impetrare
1530 2453 1674 2488 Christus
1684 2457 1700 2489 a
1717 2458 1807 2490 Patre
1817 2460 1968 2500 potuerit,

1133 2507 1169 2529 ex
1180 2495 1268 2529 cuius
1278 2498 1408 2531 decreto
1420 2512 1508 2543 mors
1520 2502 1566 2534 illi
1578 2504 1725 2537 obeunda
1735 2516 1883 2537 erat-nam
1904 2506 1968 2539 liaec

1132 2542 1216 2576 inter
1227 2542 1256 2576 se
1265 2556 1408 2591 pugnant
1418 2570 1427 2585 ‚
1439 2550 1527 2593 quod
1539 2551 1652 2583 Filium
1664 2552 1712 2583 suu
1721 2566 1749 2584 m
1762 2553 1856 2585 morti
1869 2565 1967 2598 expo-

1131 2588 1225 2624 suerit
1235 2594 1355 2626 nudum
1367 2599 1397 2628 8..
1412 2600 1665 2644 ἠεηῃειι.;((]υἰ;ι
1679 2598 1717 2632 sic
1729 2596 1847 2632 necesse
1857 2605 1967 2639 erm&

1132 2638 1227 2673 semei
1238 2639 1401 2681 statutum)
1412 2648 1443 2678 δέ
1461 2655 1566 2678 tamen
1578 2649 1615 2679 ad
1633 2647 1802 2680 mittendas
1814 2648 1839 2680 ei
1860 2646 1969 2693 suppe-

1132 2687 1190 2720 tias
1200 2686 1345 2732 precibus
1354 2687 1439 2724 flecti
1451 2694 1601 2735 potuerit.
1619 2695 1678 2727 Sed
1690 2695 1775 2727 enim
1787 2695 1966 2730 coditiona-

1132 2735 1171 2769 lis
1179 2734 1222 2769 est
1232 2735 1351 2769 Christi
1362 2735 1535 2775 sermo‚s1bi
1548 2740 1644 2786 longe
1655 2741 1813 2785 potiorem
1825 2742 1884 2776 esse
1894 2757 1966 2777 mo-

1133 2784 1208 2817 dum
1219 2784 1341 2818 tuendae
1350 2785 1492 2822 vitae,nifi
1502 2787 1639 2821 obstaret
1650 2789 1748 2823 Patris
1757 2791 1966 2826 voluntassic

1132 2831 1254 2865 tollitur
1264 2830 1372 2865 omnis
1382 2835 1586 2878 repugnantia
1598 2857 1607 2872 ,
1629 2837 1781 2882 quoniam
1799 2838 1873 2872 ideo
1884 2839 1900 2872 ἒι
1910 2851 1966 2873 ro-

1131 2878 1236 2924 gando
1245 2881 1335 2913 Patre
1342 2878 1493 2914 abstinuit
1505 2881 1649 2917 Christus
1658 2906 1666 2921 ‚
1679 2884 1766 2930 quod
1777 2885 1816 2919 de
1826 2889 1966 2921 corratio

1133 2927 1199 2960 eius
1210 2927 1337 2960 decreto
1349 2938 1451 2961 certus
1462 2926 1556 2963 foret.
1568 2931 1654 2965 Hinc
1666 2942 1771 2966 tamen
1783 2934 1907 2968 elicitur
1919 2936 1965 2969 vti

1133 2975 1171 3008 lis
1181 2975 1324 3009 doctrina
1341 2996 1351 3012 ‚
1377 2975 1526 3010 iniuriam
1549 2976 1649 3012 facere
1668 2982 1744 3014 Deo
1756 2982 1809 3027 qui
1822 2971 1963 3017 &illici-

1133 3033 1161 3056 ta
1172 3023 1273 3056 media
1284 3021 1473 3069 confugiunt
1485 3025 1672 3060 necessitatis
1683 3039 1841 3072 praetextu.
1860 3031 1976 3078 Siquis„

1133 3069 1286 3117 legitimis
1295 3070 1410 3116 opibus
1419 3075 1450 3106 &
1458 3073 1648 3108 adiumentis
1658 3076 1884 3123 destituitur,ad
1894 3085 1983 3122 pra-J¹
2008 3097 2010 3099 ·

1134 3131 1170 3151 ua
1188 3116 1315 3151 confilia
1333 3121 1365 3152 δι
1380 3120 1512 3155 vitiosos
1531 3134 1662 3157 conatus
1681 3136 1816 3170 praeceps
1836 3126 1997 3171 rapitur?

1134 3177 1249 3209 nempe
1258 3165 1331 3212 quia
1341 3168 1429 3211 pauci
1441 3169 1476 3203 ad
1487 3182 1629 3205 arcanam
1649 3173 1714 3205 Dei
1726 3174 1855 3205 tutelam
1867 3184 1965 3206 atten-

1134 3213 1292 3258 dunt‚quae
1302 3212 1365 3248 sola
1376 3215 1412 3248 ad
1424 3217 1624 3262 praestandam
1643 3220 1738 3252 nobis
1752 3221 1890 3264 quietem
1903 3219 1966 3254 suf.

1134 3259 1228 3293 ficere
1240 3260 1384 3296 debebat.
1423 3266 1574 3299 imminet
1588 3267 1681 3300 nobis
1693 3268 1881 3310 periculum:
1893 3269 1967 3314 quia

1134 3307 1231 3341 exitus
1243 3307 1412 3344 secundum
1423 3325 1548 3347 carnem
1561 3327 1625 3347 non
1636 3326 1761 3358 apparet
1772 3338 1781 3353 ‚
1793 3315 1854 3349 hoc
1866 3318 1914 3350 vel
1926 3318 1966 3349 il-

1134 3355 1187 3389 lud
1199 3358 1414 3403 excogitamus
1425 3382 1434 3397 ‚
1446 3360 1528 3406 quali
1542 3363 1616 3394 nulli
1632 3361 1688 3394 sint
1701 3363 1730 3393 in
1743 3365 1818 3396 caelo
1836 3365 1966 3410 Angeli,

1134 3416 1216 3450 quos
1227 3406 1323 3439 toties
1333 3407 1490 3452 Scriptura
1511 3408 1629 3452 positos
1638 3409 1741 3442 salutis
1760 3411 1871 3445 nostrae
1883 3413 1967 3448 causa

1987 3359 2084 3384 nabad.
2095 3368 2126 3390 ¹4.

1136 3452 1277 3498 custodes
1287 3452 1345 3488 esse
1354 3455 1440 3489 dicit.
1467 3458 1577 3503 Itaque
1586 3469 1646 3491 nos
1656 3469 1766 3492 eorum
1779 3460 1893 3494 auxilio
1904 3462 1968 3507 pri-
1993 3500 2001 3511 ι
2037 3483 2040 3488 -
