2310 3841
684 161 1057 208 SECVNDVM
1091 165 1400 211 IOHANNE
1415 171 1474 212 M.

210 232 298 280 quod
308 232 467 270 habebant
478 244 515 266 ex
525 231 623 280 Legis
635 231 960 288 praescripto.Deinde
971 247 1040 270 non

210 282 326 316 dubito
338 282 416 330 quin
425 293 549 327 tempus
562 283 797 328 redemptionis
808 282 923 316 instare
935 305 944 320 ,
956 284 1040 317 iam-

209 342 272 377 que
282 331 498 378 propinquum
509 328 570 364 effe
580 330 744 365 Christum
756 328 858 368 salutis
870 331 1037 366 authorem

207 379 324 413 talibus
336 380 431 427 signis
442 382 615 418 monuerit,
628 379 818 427 quo'melius
837 380 984 413 omnium
1005 394 1036 414 a-

206 429 290 462 nimi
300 426 562 475 expergefierent.
592 427 858 474 Duplicemhunc
870 425 1036 473 signorum

207 475 299 510 vsum
311 478 362 510 illa
376 486 463 511 aetate
474 473 562 510 fuiss'c
572 477 722 514 arbitror,
748 487 781 510 vt
792 476 848 510 sibi
860 477 968 510 Deum
980 477 1037 511 ad-

203 525 263 558 esse
277 523 511 572 cognoscerent
522 526 616 559 ludaei
628 548 637 564 ,
648 537 741 572 atque
752 535 791 558 ita
811 524 992 559 constantes
1001 526 1034 559 in

202 574 300 619 Legis
309 573 499 608 obedientia
512 573 808 608 manerentztleindc
819 586 850 607 vt
861 573 977 607 intenti
989 572 1034 607 es-

201 619 269 654 sent
279 622 317 656 ad
337 622 526 669 sperandum
547 635 670 656 nouum
683 619 889 657 &insolitum
908 620 1034 656 statum·

200 669 536 708 claudorum,caecornm
547 694 556 710 ‚
567 672 730 706 aridorum.
768 672 814 704 Vt
824 668 954 704 sciamus
965 683 1033 705 non

200 719 348 764 vulgares
359 717 494 753 morbos
503 721 519 753 a
530 719 679 754 Domino
690 728 815 753 curatos
833 716 930 757 fuisse,
942 718 1033 767 quas-

204 766 278 800 dam
299 778 375 801 eoru
383 781 412 801 m
434 766 552 814 species
579 766 726 812 exprimit
743 767 956 815 Euangellsta.
975 781 1032 802 ne-

206 826 269 861 que
279 818 367 849 enini
379 817 510 853 claudis,
521 817 608 850 caecis
618 819 649 849 &
665 815 761 849 aridis
772 814 939 850 subuenire
959 815 1033 862 pos-

204 864 277 898 sunt
287 863 425 898 humana
434 865 585 898 remedia.
603 862 711 896 Triste
722 864 851 909 quidem
870 863 1031 910 speetacu-

203 913 271 946 lum
282 913 360 946 illud
370 911 430 946 fuit
438 935 449 952 ‚
460 912 568 946 videre
583 912 615 944 in
630 922 714 945 tanta
727 911 898 945 hominum
908 921 1034 945 caterua

202 961 418 1006 multiplicem
431 958 652 993 membrorum
673 956 923 993 deformitatem.
966 961 1034 992 Ve-

201 1008 343 1042 rsimibi
361 1009 474 1042 clarius
490 1008 622 1042 interim
641 1006 819 1054 refulgebat
846 1007 912 1042 Dei
930 1007 1033 1055 gloria

204 1057 299 1105 quam
311 1056 343 1090 in
356 1055 523 1102 conspeetu
542 1056 685 1103 ingentis
703 1056 858 1090 exercitus
868 1060 898 1090 δέ
909 1056 1034 1101 optime

201 1104 381 1152 compositi.
393 1105 474 1138 nihil
493 1105 580 1139 enim
597 1104 855 1152 magnificentius
873 1105 967 1151 quam
978 1104 1034 1139 vbi

201 1153 329 1187 insolita
341 1154 403 1188 Dei
415 1154 562 1200 potentia
573 1165 688 1189 naturae
700 1153 840 1188 deiectus
855 1154 989 1199 corrigit
1000 1157 1032 1187 δε

199 1201 349 1235 instaurat
376 1215 384 1235 :
412 1201 493 1236 nihil
504 1203 599 1236 etiam
612 1215 669 1237 nec
679 1202 820 1249 pulcrius
833 1214 892 1236 nec
912 1201 1033 1236 suauius

199 1250 295 1297 quam
319 1249 372 1283 vbi
392 1262 450 1295 pro
473 1248 627 1285 immensa
643 1248 692 1284 sua
712 1249 860 1284 bonitate
885 1250 1033 1284 humanis

198 1297 337 1333 miserus
346 1300 530 1345 opitulatur.
571 1302 681 1342 Qare
699 1299 779 1333 illud
797 1297 1031 1333 nobiliffimum

201 1347 362 1381 theatrum
375 1360 479 1381 extare
489 1349 656 1381 Dominus
667 1348 816 1385 voluit‚in
833 1359 899 1393 quo
909 1346 1034 1392 conspi-

203 1408 260 1429 cua
273 1393 347 1428 esset
358 1408 426 1429 non
442 1397 543 1430 modo
553 1395 784 1443 indigenis‚led
795 1395 891 1429 etiam
902 1394 1032 1442 quibus-

195 1443 245 1478 uis
256 1440 437 1490 hospitibus
447 1442 497 1478 sua
507 1444 772 1491 maiestas.Atque
781 1453 828 1485 (vt
852 1445 916 1478 iam
926 1444 1032 1491 attigi)

198 1504 269 1525 non
281 1492 429 1526 vltimum
448 1494 510 1526 hoc
522 1494 633 1538 templi
643 1504 869 1527 ornamentum
889 1504 924 1526 ac
936 1494 1032 1526 decus

198 1537 281 1578 fuit,
301 1553 399 1587 quum
411 1542 504 1574 Deus
524 1551 647 1575 extenta
665 1554 760 1575 manu
772 1540 801 1574 se
813 1538 912 1575 adess'e
929 1541 1032 1587 palam

197 1584 328 1622 faceret.

212 1645 215 1646 ’
246 1650 272 1680 4
317 1636 457 1682 Angelus
473 1638 575 1675 enim.)
614 1636 686 1670 Fuit
710 1635 839 1682 quidem
860 1637 1028 1682 proprium

196 1684 374 1729 Dempta,
390 1694 531 1731 aegrotos
550 1683 674 1724 sanare,
693 1685 745 1718 sed
754 1685 1031 1732 quemadmodum

197 1744 294 1767 manu
305 1736 336 1767 ὅ(
347 1745 443 1779 opera
456 1733 659 1780 Angelorum
672 1735 714 1766 vti
727 1731 952 1781 consueuit‚ita
960 1736 1032 1768 An-

197 1781 274 1826 gelo
285 1781 447 1816 mandauit
464 1792 567 1827 partes
578 1781 661 1815 istas.
686 1784 760 1829 Qa
773 1783 898 1816 ratione
908 1794 1031 1816 vocan-

197 1838 250 1861 tur
263 1830 381 1875 Angeli
393 1832 543 1875 potentiae
554 1841 606 1863 aut
615 1842 828 1864 Virtutes-,non
839 1829 928 1877 quod
939 1832 1031 1865 Deus

197 1874 284 1910 suam
296 1877 358 1911 illis
368 1879 519 1912 virtutem
529 1877 708 1925 refignfidQ
720 1876 841 1912 otiosus
850 1878 915 1923 ipse
929 1878 960 1912 in
972 1891 1031 1913 cae-

197 1924 233 1959 lo
242 1923 411 1960 sedeatzsed
422 1926 496 1973 quia
507 1936 655 1970 potenter
666 1926 698 1958 in
710 1925 782 1970 ipsis
792 1927 918 1973 agendo
929 1949 939 1965 ‚
963 1927 1029 1962 vir-

170 1999 174 2001 .
198 1982 300 2006 tutem
310 1973 394 2006 suam
407 1971 579 2019 magnifice
593 1972 689 2006 nobis
700 1971 841 2006 testatam
853 1972 1030 2011 facitMale

37 2685 64 2704 2.
72 2678 133 2711 Reg.
142 2681 170 2706 4-

38 2722 93 2747 &3²
100 2735 106 2741 .

37 2762 60 2781 1.
71 2758 172 2789 lug-17.

37 2815 130 2868 ius-4.
138 2831 166 2861 d.

43 2881 84 2908 25·

198 2032 279 2067 ergo
289 2020 336 2055 issi
347 2025 377 2055 &
389 2021 537 2066 peruerse
546 2020 599 2066 qui
611 2019 927 2067 propriuinAngelis
937 2022 1028 2067 quic-

196 2081 293 2115 quam
306 2067 475 2115 affingunt,
485 2069 534 2103 vel
547 2068 600 2114 qui
612 2068 653 2102 ita
664 2067 789 2103 medios
800 2067 937 2102 statuunt
945 2069 1030 2102 inter

195 2127 259 2150 nos
271 2120 302 2152 &
315 2118 425 2159 Deum
437 2139 446 2154 ‚
465 2128 499 2152 vt
510 2117 574 2151 Dei
586 2116 724 2163 gloriam
745 2115 832 2163 quafi
844 2117 955 2162 procul
977 2129 1028 2150 re-

195 2175 320 2199 motam
340 2163 512 2199 obscurent
525 2188 534 2204 ,
549 2177 647 2212 quum
667 2165 774 2211 potius
794 2163 824 2199 se
835 2166 867 2198 in
880 2164 941 2199 illis
950 2176 1029 2210 prat-

195 2210 318 2247 sentem
335 2213 495 2248 exhibeat.
533 2214 613 2248 Ideo
645 2214 793 2248 cauendae
816 2212 887 2247 sunt
922 2213 1028 2248 delirae

197 2262 342 2295 Platonis
359 2261 591 2307 speculationes
601 2284 611 2299 ,
633 2262 707 2309 quia
716 2261 817 2295 nimia
829 2260 864 2295 fit
874 2262 958 2295 inter
968 2274 1028 2296 nos

194 2313 228 2344 &
240 2311 348 2344 Deum
359 2304 752 2347 distantia,acleundoseffe
761 2311 956 2357 Ahgelos‚vt
966 2323 1028 2344 no-

195 2356 248 2391 bis
257 2359 390 2404 gratiam
401 2358 657 2405 concilient‚qufi
668 2359 776 2403 potius
787 2359 871 2393 resta
881 2359 918 2392 ad
929 2357 1028 2392 Chri-

195 2405 279 2440 stum
290 2407 401 2441 venire
411 2419 469 2440 nos
479 2417 677 2452 oporteat‚vt
688 2407 754 2440 eius
765 2406 873 2443 ductu,
884 2405 1029 2450 auspiciis

198 2458 232 2489 &
245 2455 396 2488 mandato
410 2457 556 2500 Angelos
567 2454 738 2488 habeamus
750 2453 855 2488 salutis
866 2453 978 2493 nostrae
989 2453 1029 2487 ad

198 2503 320 2537 iutores
331 2507 363 2539 &
375 2503 550 2538 ministros.
573 2506 635 2536 Per
642 2501 948 2536 interualla.Poterat
958 2514 1029 2536 nio-

200 2563 314 2585 mento
326 2564 391 2586 vno
402 2551 491 2586 simul
505 2564 619 2596 omnes
631 2552 722 2586 Deus
734 2549 838 2584 sanare
849 2564 857 2583 :
867 2549 978 2587 verum
996 2560 1032 2584 vt

195 2600 345 2634 miracula
356 2598 444 2634 suum
458 2599 576 2634 habent
585 2598 741 2638 finem,ita
751 2599 920 2634 &modum
932 2598 1032 2632 habe-

193 2660 229 2682 re
241 2647 653 2696 debent,quemadmodum
664 2652 694 2684 δι
707 2646 854 2682 Christus
864 2647 1030 2685 admonet,

192 2709 296 2743 quum
305 2707 355 2730 tot
364 2697 484 2730 mortui
495 2696 554 2730 fint
563 2707 711 2742 tempore
729 2696 833 2730 Elisaei
852 2718 863 2734 ‚
901 2695 1030 2729 nonnisi

190 2756 329 2791 'puerum
340 2757 440 2779 vnum
451 2742 538 2778 fuisse
549 2744 737 2778 excitatum:
749 2756 848 2791 quum
869 2753 918 2778 tot
927 2743 1030 2778 viduae

196 2791 350 2828 famelicae
369 2791 467 2827 effent
482 2803 632 2837 tempore
653 2791 800 2825 siccitatis
818 2814 826 2829 ‚
845 2792 939 2827 vnius
958 2803 1028 2825 tan-

196 2841 393 2886 tflminopiae
405 2839 523 2874 abElia
540 2838 629 2874 fuisse
648 2838 848 2874 subuentum.
887 2843 936 2875 Ita
955 2839 1028 2874 satis

195 2889 308 2925 habuit
321 2889 487 2924 Dominus
511 2887 618 2935 paucis
638 2888 767 2934 aegrotis
784 2887 952 2935 praesentiae
970 2888 1028 2923 suae

193 2937 355 2983 specimen
366 2939 470 2972 edere.
507 2935 670 2971 Caeterfim
689 2935 814 2971 sanandi
836 2938 952 2972 modus
971 2937 1028 2984 qui

193 2985 247 3023 hic
256 2985 443 3023 describitur
478 3008 489 3024 ‚
527 2983 599 3019 satis
609 2984 761 3018 admonet
771 2985 851 3020 nihil
863 2986 969 3020 minus
981 2984 1025 3020 es-

195 3032 228 3068 se
237 3033 486 3070 consentaneum
505 3033 601 3079 quam
620 3043 654 3066 vt
666 3031 721 3066 suo
738 3033 858 3068 iudicio
876 3033 1027 3069 homines

196 3082 369 3128 Deiopera
379 3082 558 3116 subiiciant.
595 3080 685 3124 Qud
702 3081 787 3115 enim
801 3080 936 3117 obsecro
954 3083 1027 3130 opis

198 3129 250 3162 vel
268 3131 400 3175 remedij
427 3144 464 3165 ex
483 3142 563 3176 aqua
591 3129 718 3163 turbida
744 3128 858 3175 sperari
886 3134 1026 3176 poterat?

200 3176 317 3211 sedita
335 3177 453 3214 seilicet
467 3192 528 3213 nos
548 3178 680 3223 proprio
699 3172 783 3213 sensu
802 3189 913 3213 exutos
952 3180 1029 3213 Do-

203 3224 312 3259 minus
330 3225 366 3259 ad
391 3226 469 3261 fidei
491 3225 682 3273 obsequium
712 3223 879 3262 assuefacit.
917 3228 1030 3262 Nimis

204 3271 319 3317 cupide
336 3274 497 3320 sequimur
512 3288 580 3321 quae
602 3285 713 3321 praetei·
740 3276 804 3309 Dei
825 3274 960 3309 verbum
981 3289 1031 3309 ra-

206 3319 292 3354 tioni
311 3320 424 3355 nostrae
447 3324 597 3357 arrident.
623 3323 714 3368 Ergo
732 3332 765 3357 vt
783 3335 843 3357 nos
852 3322 911 3357 fibi
930 3323 1033 3358 mori-

205 3368 417 3417 gerosreddat
432 3391 443 3406 ,
469 3383 504 3404 ea
513 3369 589 3417 saepe
598 3370 798 3418 obiicit'quae
818 3384 890 3406 cum
909 3372 1032 3406 ratione

206 3415 313 3458 nostra
323 3427 474 3461 pugnant.
488 3419 585 3453 Tunc
596 3432 675 3466 ergo
685 3420 815 3454 demum
834 3419 1031 3454 docilitatem

209 3464 349 3500 nostram
369 3462 542 3508 probamus
560 3466 615 3502 vbi
632 3465 740 3501 clausis
756 3467 860 3503 oculis
874 3466 1035 3512 sequimur

211 3513 332 3548 nudum
349 3511 503 3551 verbum,
516 3513 636 3549 etiamsi
652 3516 775 3550 nullum
790 3515 1034 3563 operaepretium

1089 236 1343 272 videniur·riobis
1353 236 1476 273 fleturi.
1486 240 1596 277 Simile
1606 243 1755 291 exemplu
1764 243 1918 282 habemus

1087 283 1121 318 in
1132 287 1279 320 Naaman
1290 289 1586 335 Syro,queu‚lep1·a:
1598 297 1741 328 curanuae
1759 292 1846 328 causa
1856 298 1878 328 Ρ

1086 332 1180 378 pheta
1189 337 1225 368 ad
1239 337 1410 369 Iordanem
1426 337 1542 376 mittit,
1554 342 1659 386 &ipse
1668 342 1764 387 quide
1782 345 1844 377 hoc
1862 357 1917 380 ve—
1929 359 1996 378 mo.

1085 381 1423 418 lutludibriuin'initio
1434 384 1474 430 as}
1489 389 1727 435 ernatus‚reipsa
1740 393 1834 425 tande*
1845 389 1917 425 sen-

1085 430 1124 464 tit
1135 431 1244 466 Deum
1263 431 1303 466 lic
1315 444 1425 478 praeter
1440 433 1613 470 humanam
1633 439 1792 472 rationem
1812 451 1918 487 agere,

1083 490 1118 513 vt
1126 492 1187 513 nos
1198 484 1282 514 tame
1292 485 1420 529 uunqui
1435 480 1598 517 frustretur
1609 497 1660 518 aut
1672 486 1771 520 ludat.
1791 497 1917 524 interea

1083 540 1168 574 aqua:
1188 529 1328 563 turbatio
1346 531 1466 565 clarum
1483 532 1715 566 documentum
1736 533 1793 568 fuit
1806 538 1914 574 Deum

1081 587 1141 621 pro
1161 577 1215 610 suo
1235 577 1370 612 arbitrio
1379 578 1482 614 libere
1495 582 1664 615 elementis
1675 583 1740 621 vti,
1760 587 1790 617 ἃ
1804 587 1915 630 operis

1082 623 1228 664 effefmtn
1242 624 1300 660 sibi
1311 628 1483 663 vindicare.
1504 628 1558 664 Est
1569 630 1655 664 enim
1673 629 1737 664 hoc
1747 630 1913 680 plusquam

1082 685 1257 708 commune
1272 675 1399 715 vitium,
1408 677 1560 711 creaturis
1582 677 1754 712 adscribere
1770 680 1859 726 quod
1877 693 1914 714 v-

1079 722 1150 756 nius
1161 723 1226 757 Dei
1236 722 1292 758 est.
1303 724 1427 761 Verum
1439 726 1546 769 ni-miae
1557 726 1694 762 stultitiae
1706 727 1765 761 erit
1775 728 1915 764 sanitatis

1080 769 1200 822 causam
1213 772 1245 803 in
1256 785 1335 819 aqua
1352 774 1479 808 turbida
1490 787 1641 822 quaerere.
1659 777 1709 811 Sic
1719 789 1797 824 ergo
1810 789 1913 813 extet-

1080 829 1156 852 nuni
1170 819 1348 864 lymbolum
1360 824 1578 863 commendat,
1590 836 1622 858 vt
1638 824 1774 871 symboli
1787 824 1913 872 aspetstu

1081 865 1231 910 adipsum
1251 869 1379 902 vnicum
1399 872 1505 917 gratiae
1524 883 1669 908 autorem
1679 875 1791 921 aegroti
1810 873 1913 922 respi-

1082 925 1152 947 cere
1164 926 1335 961 cogantur.

1121 972 1135 1006 5
1182 967 1261 996 Erat
1269 975 1371 998 autem
1380 965 1506 1009 quidam
1517 967 1632 1010 homo.)
1667 971 1781 1005 Varias
1790 972 1913 1008 circun-

1081 1008 1206 1044 stantias
1217 1013 1344 1061 colligit
1354 1014 1554 1062 Euangelistu
1567 1028 1635 1061 quae
1644 1028 1762 1052 certam
1775 1022 1914 1057 miracu-

1080 1058 1113 1091 lo
1125 1057 1222 1092 fidem
1233 1058 1362 1095 faciunt.
1390 1063 1594 1098 Diuturnitas
1614 1065 1721 1099 morbi
1731 1066 1814 1112 spem
1825 1082 1916 1104 cura-

1082 1107 1358 1143 tionisabstulerat
1382 1122 1391 1143 t
1411 1111 1467 1146 illo
1487 1125 1572 1159 aquae
1591 1115 1738 1148 ren-:edio
1758 1118 1916 1161 priuarise

1081 1157 1310 1203 conqueritur:
1328 1157 1435 1204 saepius
1451 1172 1582 1195 conatus
1593 1160 1693 1196 fuerat
1712 1163 1784 1198 sein
1796 1179 1913 1213 aquam

1081 1204 1231 1244 iniicere,
1259 1206 1310 1241 sed
1325 1204 1580 1243 frustratnullum
1600 1210 1646 1243 illi
1665 1210 1704 1244 ab
1722 1211 1916 1250 hominibus

1080 1253 1250 1287 auxilium:
1270 1256 1345 1289 hinc
1364 1259 1466 1303 magis
1487 1257 1655 1304 conspicua
1669 1261 1773 1294 elucet
1789 1263 1914 1298 christi

1080 1301 1320 1337 virtus.Eodem
1330 1304 1392 1338 etia
1408 1307 1542 1341 tollendi
1555 1306 1701 1352 grabbati
1715 1320 1913 1357 praeceptum

1080 1347 1252 1395 spectabat,
1262 1364 1295 1387 vt
1306 1352 1459 1388 omnibus
1469 1354 1570 1400 palam
1590 1351 1673 1390 foret
1684 1369 1751 1391 non
1767 1359 1856 1394 aliter
1868 1358 1915 1395 sa-

1080 1409 1189 1433 natum
1200 1399 1294 1446 quam
1305 1401 1426 1436 Christi
1437 1402 1611 1437 beneficio.
1631 1407 1741 1448 Qum
1754 1407 1841 1441 enim
1859 1421 1914 1443 va-

1080 1447 1163 1480 lidus
1174 1460 1206 1482 ac
1217 1448 1366 1499 robustus
1375 1452 1531 1485 omnibus
1541 1452 1715 1492 membris,
1730 1455 1847 1501 quibus
1857 1469 1914 1491 an-

1081 1496 1113 1528 te
1124 1507 1231 1541 captus
1241 1499 1353 1535 tuerat,
1365 1501 1498 1545 repente
1510 1500 1683 1546 surgit:tam
1695 1502 1797 1537 subita
1807 1516 1916 1539 muta-

1080 1543 1127 1576 tio
1138 1544 1240 1590 magis
1259 1546 1397 1580 excitare
1409 1551 1439 1583 δι
1452 1548 1580 1584 afficere
1591 1550 1687 1584 debet
1705 1551 1914 1598 spectantium

1055 1598 1057 1600 ’
1079 1592 1218 1625 animos.

1124 1642 1146 1672 6
1181 1641 1429 1687 Visfimusfierx?
1457 1643 1538 1677 Non
1549 1641 1719 1679 sciscitatur
1729 1648 1813 1694 quasi
1824 1649 1863 1684 de
1878 1650 1914 1684 re

1080 1685 1186 1722 dubia:
1199 1686 1252 1723 sed
1262 1691 1375 1736 partim
1386 1700 1418 1724 vt
1430 1692 1538 1736 gratiae
1548 1704 1616 1739 quae
1625 1694 1818 1731 offerebatur
1828 1697 1912 1732 desi-

1080 1734 1205 1770 derium
1216 1737 1249 1771 in
1260 1751 1298 1772 eo
1310 1739 1478 1777 accendat,
1494 1742 1609 1786 partim
1623 1753 1655 1777 vt
1665 1743 1760 1778 testes
1770 1746 1824 1792 qui
1836 1748 1914 1781 ade-

1078 1795 1149 1818 rant
1160 1786 1269 1820 reddat
1280 1788 1382 1833 magis
1395 1797 1548 1827 attentOS,
1568 1792 1745 1835 quoslaliud
1757 1795 1914 1842 cogitates

1078 1829 1188 1879 fugere
1198 1845 1323 1879 poterat
1335 1836 1572 1876 miraculum‚vt
1583 1837 1658 1884 saepe
1670 1832 1703 1873 ih
1718 1841 1813 1876 rebus
1826 1843 1916 1877 subi-

1079 1879 1118 1934 tis
1134 1882 1260 1916 accidit.
1280 1883 1352 1916 Fuit
1368 1885 1466 1931 igitur
1475 1883 1526 1918 his
1537 1885 1656 1920 duabus
1668 1888 1764 1922 caufis
1776 1891 1915 1927 neceffiz-

1078 1940 1123 1962 ria
1133 1941 1331 1975 praeparatio.

1101 1988 1122 2021 7
1145 1977 1220 2011 Non
1230 1977 1322 2012 habeo
1332 1977 1594 2017 hominem.)Facit
1603 1980 1656 2014 hic
1666 1993 1803 2028 aegrotus
1816 1983 1907 2029 quod
1925 1980 1927 1985 ⁸

1076 2022 1216 2059 solemus
1225 2024 1292 2059 fere
1301 2038 1433 2059 omnes:
1453 2028 1519 2060 Dei
1529 2029 1616 2062 enim
1626 2030 1776 2064 auxilium
1788 2029 1838 2064 sua
1849 2043 1909 2065 co-

1076 2071 1236 2117 gitatione
1254 2073 1409 2109 includit,
1427 2085 1484 2108 nec
1495 2075 1566 2120 plus
1587 2075 1644 2109 fibi
1659 2077 1804 2122 polliceri
1813 2079 1909 2114 audet

1075 2119 1171 2166 quam
1184 2131 1292 2154 mente
1301 2120 1471 2165 concipiat.
1487 2122 1589 2164 Quod
1600 2136 1705 2158 autem
1723 2125 1906 2161 infirmitati

1077 2167 1144 2201 eius
1154 2167 1291 2216 ignoscit
1301 2167 1460 2210 Christus,
1477 2169 1512 2205 in
1521 2182 1561 2205 eo
1572 2171 1733 2216 speculum
1750 2172 1906 2209 habemus

1076 2215 1142 2249 eius
1152 2216 1359 2263 indulgentiae
1369 2229 1468 2263 quum
1488 2219 1635 2267 quotidie
1657 2221 1813 2267 experitur
1825 2222 1909 2268 quis-

1076 2276 1139 2310 que
1147 2264 1304 2303 nostrum,
1322 2265 1398 2299 dum
1408 2277 1468 2300 nos
1479 2267 1512 2300 in
1521 2268 1712 2316 propinquis
1721 2270 1837 2305 mediis
1847 2270 1908 2305 hae-

1076 2325 1181 2346 remus
1192 2310 1362 2359 defixi:ipse
1380 2314 1563 2348 veromanu
1576 2327 1686 2361 praeter
1707 2316 1791 2364 spem
1802 2332 1839 2353 ex
1852 2320 1907 2353 10-

1077 2360 1123 2394 cis
1134 2359 1331 2395 absconditis
1340 2363 1462 2407 prolata
1472 2363 1668 2399 demonstrat
1677 2378 1831 2413 quantum
1842 2367 1907 2402 bo—

1076 2408 1158 2442 nitas
1167 2407 1217 2442 sua
1226 2408 1302 2443 fidei
1317 2408 1430 2444 nostrae
1439 2410 1598 2458 angustias
1615 2425 1775 2460 exuperet.
1791 2419 1907 2450 Praete-

1077 2467 1128 2490 rea
1139 2456 1202 2491 hoc
1212 2459 1324 2504 exeplo
1334 2458 1372 2492 ad
1384 2459 1585 2494 tolerantiam
1604 2473 1664 2496 nos
1675 2464 1793 2499 erudiri
1801 2465 1906 2499 decet.

1078 2505 1231 2553 Longum
1248 2503 1308 2539 fuit
1326 2506 1458 2553 triginta
1479 2521 1637 2544 annorum
1657 2521 1781 2558 tempus
1801 2533 1812 2550 ‚
1840 2524 1906 2558 quo

1079 2554 1172 2587 Deus
1197 2553 1393 2589 beneficium
1403 2553 1536 2590 suumin
1557 2557 1673 2592 misero
1693 2559 1756 2593 hoc
1773 2559 1907 2593 homine

1079 2601 1219 2636 iuuando
1230 2601 1360 2640 distulit,
1371 2603 1459 2649 quod
1467 2614 1574 2638 tamen
1585 2606 1632 2639 illi
1643 2607 1788 2642 abinitio
1800 2606 1906 2653 praesta

1077 2661 1112 2682 re
1125 2649 1504 2694 statuerat.Quantumuis
1513 2665 1592 2700 ergo
1608 2654 1660 2688 diu
1673 2667 1732 2688 nos
1742 2653 1905 2701 suspensos

1078 2708 1202 2736 teneat,
1215 2697 1254 2731 sic
1263 2697 1355 2732 anxie
1363 2709 1530 2745 gemamus
1548 2700 1602 2734 sub
1622 2703 1738 2736 nostris
1754 2703 1904 2737 aerumnis

1079 2756 1112 2781 vt
1123 2757 1229 2780 tamen
1240 2746 1333 2790 longi
1349 2748 1506 2793 temporis
1523 2749 1652 2784 taedium
1669 2763 1832 2796 nunquam
1843 2764 1905 2786 nos

1077 2793 1312 2828 exanimet-Etsi
1324 2793 1410 2841 enim
1420 2796 1525 2829 nullus
1537 2797 1637 2830 exitus
1648 2809 1792 2843 appareat
1805 2811 1903 2846 quum

1076 2843 1157 2876 mala
1169 2841 1272 2875 nostra
1282 2843 1412 2888 longius
1423 2843 1651 2888 protrahuntur
1667 2867 1677 2883 ‚
1702 2845 1902 2882 statuendum

1076 2901 1180 2924 tamen
1193 2889 1314 2934 semper
1324 2890 1367 2923 est
1379 2892 1490 2925 Deum
1512 2891 1685 2927 mirificum
1705 2892 1766 2928 esse
1783 2894 1904 2929 libera-

1076 2938 1250 2985 torem,qui
1261 2938 1376 2972 virtute
1385 2937 1437 2972 lua
1448 2938 1608 2974 obstacula
1618 2942 1729 2977 onmia
1744 2941 1836 2978 facile
1846 2955 1903 2990 per

1074 2986 1200 3032 rumpit.

1111 3046 1131 3077 9
1152 3063 1153 3067 ,
1167 3039 1238 3068 Erat
1246 3044 1346 3069 autem
1354 3033 1565 3076 Sabbathum.)
1587 3037 1728 3073 Minime
1737 3038 1905 3075 Christum

1075 3081 1190 3117 latebat
1202 3092 1316 3127 quanta
1332 3095 1408 3116 mox
1418 3082 1553 3118 offenfio
1573 3085 1702 3134 sequ-uta
1712 3087 1786 3122 effet
1803 3101 1904 3136 quum

1077 3131 1243 3165 hominem
1257 3129 1405 3164 viderent
1423 3129 1551 3167 sarcinis
1570 3135 1721 3169 onustum
1743 3136 1903 3172 incedere.

1078 3192 1148 3212 nam
1160 3176 1278 3223 gestare
1288 3178 1453 3213 Sabbatho
1463 3181 1634 3228 quicquam
1647 3184 1755 3218 oneris
1767 3185 1902 3218 nomina

1079 3228 1136 3260 tim
1148 3228 1210 3259 ch
1221 3236 1316 3259 vetat.
1337 3229 1399 3262 Sed
1412 3229 1525 3273 duplex
1537 3229 1595 3265 suit
1613 3233 1696 3266 ratio
1708 3245 1762 3266 cur
1777 3231 1903 3277 postha-
1916 3237 2048 3267 levans·

1078 3275 1141 3309 bita
1153 3273 1244 3306 huius
1255 3274 1387 3318 periculi
1399 3277 1524 3311 ratione
1537 3281 1599 3313 tale
1610 3281 1817 3325 spectaculum
1830 3283 1903 3314 ede·
1913 3284 1947 3302 ²¹·

1080 3333 1125 3357 ret
1137 3320 1294 3359 Christus,
1306 3336 1421 3370 nempe
1431 3336 1464 3359 vt
1474 3327 1661 3362 miraculum
1674 3329 1771 3373 vulgo
1793 3330 1908 3364 melius

1082 3368 1424 3407 innotesceret:deinde
1434 3384 1468 3407 vt
1486 3376 1610 3409 occasio
1623 3376 1768 3413 daretur,
1780 3379 1810 3411 δε
1824 3377 1911 3423 quasi

1083 3418 1131 3453 via
1149 3418 1313 3462 patefieret
1323 3421 1352 3454 ei
1363 3423 1509 3468 praeclare
1516 3423 1666 3457 concioni
1677 3435 1772 3470 quam
1783 3437 1860 3459 mox
1871 3425 1912 3460 ha

1082 3466 1266 3500 buit.Tanti
1279 3469 1379 3513 porro
1389 3481 1454 3503 erat
1466 3471 1611 3505 miraculi
1624 3470 1709 3505 illius
1720 3472 1869 3518 cognitio
1880 3486 1915 3509 vt

1083 3514 1196 3562 populi
1215 3514 1426 3552 offensionem
1444 3517 1548 3554 secure
1566 3519 1732 3567 negligere
1755 3521 1912 3558 debuerit:

1673 3568 1775 3614 Eij

1881 309 1917 328 ro
1930 320 1953 337 ,η
1970 316 2029 351 Rq·
2040 325 2062 352 ς·
