2310 3841
261 432 309 457 Gal.
318 440 335 462 3.

262 894 341 916 2.Cor.
351 894 373 916 8.

262 933 283 950 n.
292 930 314 950 6·

262 1051 340 1074 2.Cot.
357 1056 381 1077 ρ.

385 201 457 248 roa
1025 192 1101 236 IN
1144 192 1358 236 ACTA
1415 189 1637 234 APOST.

435 277 470 310 20
502 272 558 305 Sed
567 269 615 304 hic
625 269 754 305 occurrit
762 267 882 313 quaestio
891 292 901 307 ,
911 269 1016 311 Qum
1028 269 1139 301 malurn
1151 268 1222 301 esset
1233 268 1377 300 omnibus
1387 278 1550 301 commune
1558 279 1622 304 ,cur
1631 267 1680 302 vni
1690 267 1784 310 tnagis
1791 266 1906 309 populo
1915 266 2042 300 succurri
2057 279 2148 312 opor-

399 320 510 356 tuerit,
520 318 607 359 quam
618 315 930 359 reliquis?Respondeo
940 337 950 351 ,
959 315 1063 354 Qum
1075 315 1178 346 multis
1187 313 1335 345 bellorum
1346 313 1483 345 cladibus
1490 312 1610 356 aliisque
1621 314 1704 345 malis
1722 312 1855 344 exhausta
1873 311 1943 344 effet
1960 314 2052 346 Iudaea
2065 336 2074 349 ‚
2086 317 2147 346 An-

402 365 561 399 tiochenos
570 382 580 396 ‚
591 359 712 393 fratrum
723 383 733 398 ,
743 361 794 403 qui
803 361 864 392 illic
873 369 956 392 erant
967 381 976 396 ,
985 359 1098 391 miseria
1109 370 1169 390 non
1179 360 1232 390 abs
1245 369 1278 389 te
1288 359 1382 400 magis
1394 357 1476 390 fuisse
1486 356 1657 390 commotos
1669 357 1796 389 :deinde
1805 379 1815 393 ‚
1826 368 1887 399 quo
1895 359 2023 389 atrocius
2033 359 2093 389 illic
2103 359 2147 390 sae-

405 409 528 442 uiebant
539 406 636 437 hostes
645 426 654 440 ,
666 406 704 437 eb
714 407 814 438 durior
823 415 885 437 erat
897 404 1017 438 fratrum
1028 403 1175 435 conditio.
1198 404 1337 445 Denique
1346 405 1375 433 in
1385 403 1513 444 Epistola
1524 404 1559 434 ad
1570 404 1689 434 Galatas
1704 401 1768 433 satis
1784 401 1860 433 clare
1878 401 2055 434 demonstrat
2071 406 2148 435 Pau—

405 455 450 486 lus
460 473 468 488 ,
477 450 615 493 speciales
623 449 706 482 fuisse
714 450 812 482 Iudaeae
823 451 1003 482 necessitates
1011 471 1020 486 ‚
1029 459 1152 490 quarum
1162 458 1224 478 non
1232 447 1346 479 temere
1355 448 1456 479 habita
1466 447 1557 480 fuerit
1566 448 1604 479 ab
1613 449 1754 478 omnibus
1776 448 1840 478 aliis
1860 447 1946 477 ratio.
1967 447 2030 478 Fuit
2047 459 2147 481 autem

404 499 465 530 haec
476 495 646 538 gratitudo,
656 506 715 527 non
726 505 814 537 parua
823 495 910 527 laude
919 495 1008 537 digna
1019 516 1027 529 ‚
1037 492 1120 535 qubd
1135 492 1186 524 suo
1202 491 1328 524 subsidio
1343 492 1490 524 iuuandos
1507 492 1692 524 Antiocheni
1711 491 1858 522 duxerunt
1874 501 1987 531 egenos
2003 491 2103 523 fratres
2113 515 2120 528 ,
2132 494 2149 525 a

404 542 514 584 quibus
523 540 718 582 Euangelium
728 550 915 581 acceperant.
936 549 1035 581 neque
1044 536 1124 569 enim
1133 537 1294 579 quidquam
1304 538 1412 578 aequius
1421 560 1430 574 ‚
1441 538 1528 580 quam
1539 548 1592 568 eos
1602 537 1650 577 qui
1662 535 1819 577 spiritualia
1831 535 2010 568 seminarunt
2021 547 2149 572 ,terrena

404 596 529 618 metere.
550 588 589 616 Vt
599 584 721 627 quisque
731 585 797 627 plus
806 584 870 617 satis
878 585 913 616 ad
924 584 1088 615 cauendum
1099 582 1153 613 sibi
1162 582 1296 613 intentus
1306 582 1362 612 est:
1373 592 1444 614 tunc
1454 581 1574 624 singulis
1585 581 1720 621 excipere
1731 590 1903 620 promptum
1916 591 1978 611 erat
1989 602 1998 616 ,
2008 583 2069 612 Cur
2087 592 2151 613 non

405 631 479 662 milii
490 631 590 671 potius
600 632 715 661 cauebo
726 641 758 661 ac
770 629 943 672 prospiciam
955 639 964 663 5
974 627 1022 660 sed
1034 627 1103 659 dum
1112 626 1254 659 succurrit
1263 625 1336 668 quid
1349 624 1485 658 fratribus
1494 627 1623 657 debeant
1631 648 1640 662 ‚
1653 622 1813 655 immodica
1824 624 1870 655 illa
1880 625 2026 657 anxietate
2036 625 2150 662 omissa,

405 675 442 707 ad
453 674 528 717 ipsos
541 674 688 706 iuuandos
699 674 725 706 se
736 684 926 706 conuertunt.
946 676 980 704 In
992 673 1101 705 sumina
1112 694 1121 708 ,
1131 671 1237 713 duplex
1247 670 1304 702 fuit
1314 671 1401 702 huius
1413 670 1603 712 eleemosynae
1613 670 1698 701 finis:
1713 679 1779 699 riam
1791 671 1822 700 &
1833 669 1981 701 charitatis
1990 671 2089 701 officio
2107 682 2152 702 er-

406 731 444 763 ga
454 729 567 762 egenos
575 718 678 751 fratres
689 718 820 751 defuncti
834 719 896 750 sunt
906 718 1136 753 Antiocheni‚&
1148 716 1242 749 testati
1251 715 1315 748 sunt
1325 715 1384 747 hoc
1394 716 1647 758 symbolo,quanti
1657 713 1851 756 Euangeliurn
1860 712 2077 751 facerent‚dum
2096 716 2152 747 ho-

407 776 481 796 nore
492 765 592 795 locum
603 765 680 797 vnde
690 763 820 799 fluxerat,
831 762 999 805 prosequuti
1010 762 1085 796 sunt.

443 811 468 838 V
479 821 496 839 τ
522 820 540 840 c
555 821 572 840 v
581 820 593 838 1
605 821 656 847 Qv
670 821 686 840 a
700 808 871 850 suppetebat
882 807 1026 850 facultas.)
1051 804 1106 838 Hic
1115 804 1322 838 Antiochenos
1333 804 1468 837 videmus
1478 825 1487 839 ‚
1498 816 1586 847 quem
1595 804 1705 836 Paulus
1714 801 1882 833 Corinthiis
1896 804 2017 835 modurn
2030 804 2153 845 praescri.

410 853 458 885 bit
471 864 586 889 ‚tenere
597 866 604 884 :
614 853 673 885 siue
682 854 741 885 hoc
751 853 853 894 sponte
865 851 999 884 fecerunt
1008 874 1017 887 ,
1027 851 1088 882 siue
1098 851 1162 882 eius
1170 861 1316 893 praecepto
1327 850 1436 882 edocti.
1459 861 1516 882 nec
1527 850 1598 882 verb
1607 850 1731 882 dubium
1743 847 1784 878 est
1796 869 1804 882 ,
1813 851 1884 888 quin
1895 859 2020 890 vtroqne
2029 849 2099 879 loco
2115 850 2152 880 fi-

412 899 445 930 bi
455 898 633 930 constiterit.
655 901 721 929 Haec
731 898 821 940 igitur
831 897 980 940 sequenda
989 897 1029 928 est
1040 895 1140 939 regula
1151 917 1161 931 ,
1171 906 1203 928 vt
1214 895 1334 938 quisque
1343 904 1483 937 reputans
1492 906 1633 937 quantum
1643 893 1695 924 sibi
1707 893 1807 923 datum
1818 891 1850 922 sit
1861 913 1871 928 ,
1881 903 2020 935 tanquam
2037 895 2153 927 ratione

415 942 819 984 redditurus‚benigriecum
831 941 970 974 fratribus
979 941 1202 973 communicet:
1216 941 1256 972 ita
1266 940 1333 976 fiet,
1344 951 1374 972 vt
1391 941 1456 984 quis
1473 941 1572 971 tenuis
1589 938 1811 972 est21iberalem
1829 937 1937 969 habeat
1959 939 2090 969 animum
2104 951 2110 969 :
2122 942 2156 971 δι

419 989 559 1031 exiguum
570 998 676 1019 munus
684 987 791 1028 optimi
803 990 833 1019 &
844 985 1124 1030 splendidisacrificij
1134 986 1204 1016 loco
1223 985 1377 1017 habeatur.
1399 997 1421 1016 D
1433 997 1450 1016 ε
1466 995 1484 1015 c
1497 997 1513 1016 ε
1525 997 1542 1015 ix
1556 997 1574 1015 N
1587 996 1604 1015 ε
1620 996 1637 1014 u
1652 995 1672 1014 D
1683 995 1692 1013 i
1704 983 1799 1014 verbo
1809 1003 1817 1016 2
1829 981 1971 1024 fignificat
1989 986 2081 1014 Lucas
2098 994 2155 1015 vo-

415 1033 572 1065 luntariam
584 1031 666 1064 fuisse
677 1032 875 1063 oblationem.
900 1031 994 1072 Qod
1002 1032 1089 1061 etiam
1097 1030 1204 1074 Paulus
1212 1029 1274 1061 fieri
1285 1030 1397 1062 debere
1405 1030 1547 1063 admonet
1559 1042 1566 1060 ·.
1577 1039 1610 1060 vt
1619 1039 1680 1058 nori
1688 1027 1781 1059 coacti
1793 1029 1824 1058 δι’
1833 1027 1911 1068 quasi
1922 1038 1955 1058 ex
1973 1028 2155 1064 neceffitate,

416 1077 465 1111 sed
473 1079 606 1110 alacriter
616 1087 735 1108 manum
746 1077 906 1119 egentibus
914 1076 1110 1117 porrigamuS.
1135 1077 1238 1115 Quin
1255 1085 1267 1103 s
1288 1086 1299 1104 1
1317 1086 1333 1104 N
1350 1087 1369 1106 G
1379 1085 1397 1106 v
1408 1085 1424 1104 1.
1437 1085 1456 1103 o
1467 1085 1481 1105 s
1492 1075 1627 1104 nominat
1637 1094 1646 1107 ‚
1655 1071 1778 1113 perinde
1788 1071 1829 1101 est
1837 1082 1869 1101 ac
1881 1071 1900 1101 si
1925 1072 2040 1102 diceret
2051 1093 2060 1107 ‚
2070 1072 2155 1103 Alios

416 1134 478 1155 nori
491 1121 655 1164 imposuisse
663 1121 762 1164 legem
772 1121 849 1156 aliis,
859 1132 914 1152 nec
924 1121 974 1152 suo
982 1119 1153 1162 praeiudicio
1162 1116 1290 1161 grauasse
1301 1141 1309 1155 ‚
1319 1118 1368 1150 sed
1378 1129 1622 1160 vnumquemque
1638 1116 1692 1147 sibi
1708 1116 1833 1158 propri-'e
1850 1116 2055 1148 beneficentiae
2070 1115 2155 1149 fuisse

414 1169 568 1200 arbitrum.
591 1167 763 1198 Notandum
780 1165 820 1197 est
831 1167 920 1198 etiam
930 1175 1040 1196 nomen
1052 1162 1283 1205 Atoemviaf‚quo
1300 1164 1440 1195 docemur
1460 1175 1492 1194 ea
1509 1162 1575 1204 lege
1593 1162 1736 1192 maiorem
1757 1160 1901 1190 diuitibus
1918 1172 2034 1201 copiam
2053 1161 2112 1192 dari
2123 1164 2155 1193 in

415 1223 536 1245 manum
548 1234 557 1248 ‚
566 1221 597 1243 vt
606 1221 767 1252 pauperum
778 1209 832 1243 sint
843 1210 964 1242 ministri
974 1211 1021 1241 :in
1032 1208 1247 1251 dispensatione
1254 1207 1307 1239 sibi
1318 1208 1462 1239 diuinitus
1473 1207 1632 1238 commissa.
1653 1203 1807 1238 Postremb
1816 1226 1825 1238 ,
1836 1204 1924 1236 docet
1934 1208 2027 1237 Lucas
2036 1217 2095 1237 non
2108 1218 2155 1238 ro-

414 1258 439 1290 ti
450 1257 531 1299 genti
543 1254 652 1287 missam
663 1254 747 1287 fuisse
757 1255 1001 1287 benedictionem
1013 1277 1022 1290 ‚
1030 1253 1078 1285 sed
1088 1251 1201 1285 tantum
1210 1252 1278 1284 fidei
1288 1253 1458 1284 domesticis
1470 1264 1475 1283 :
1488 1263 1547 1282 nori
1560 1251 1640 1293 qubd
1649 1249 1854 1282 beneficentiae
1863 1251 1963 1281 nostrae
1971 1253 2002 1282 ὃ(
2019 1251 2156 1282 humani-

413 1304 486 1334 tatis
495 1301 607 1342 semper
616 1310 751 1341 expertes
759 1299 816 1332 esse
825 1301 955 1332 debeant
964 1297 1109 1331 increduli
1119 1319 1128 1332 ‚
1138 1298 1258 1337 quando
1267 1299 1302 1328 ad
1312 1307 1408 1328 toturn
1421 1307 1516 1338 genus
1528 1297 1689 1327 humanum
1700 1292 1859 1325 exiendere
1871 1295 1897 1325 se
1914 1295 2005 1326 debet
2020 1296 2155 1328 charitas:

415 1346 465 1379 sed
475 1345 544 1388 quia
552 1344 723 1387 praeferendi
733 1344 885 1387 sunt‚quos
895 1349 977 1376 Deus
985 1343 1108 1387 propius
1118 1344 1149 1373 δε
1158 1341 1300 1373 sanctiore
1309 1341 1431 1373 vinculo
1442 1342 1531 1372 nobis
1542 1342 1706 1372 coniunxit.

447 1402 481 1431 30
514 1393 620 1422 Mirrs
629 1402 646 1420 u
654 1402 711 1422 ras
720 1391 755 1422 ad
769 1392 983 1432 presbyteros.)
993 1392 1063 1420 Duo
1074 1385 1123 1419 hic
1134 1387 1263 1418 notanda
1277 1386 1339 1418 sunt
1349 1397 1355 1416 :
1367 1385 1449 1428 qubd
1459 1383 1535 1416 fidos
1546 1386 1684 1416 homines
1694 1383 1836 1426 elegerint
1846 1383 2029 1416 Antiocheni
2039 1405 2049 1420 ,
2060 1389 2091 1418 &
2102 1387 2156 1418 c6-

411 1446 502 1478 perta?
511 1435 687 1477 probitatis,
696 1437 745 1477 qui
756 1434 833 1466 suam
844 1435 1087 1466 benedictionem
1106 1430 1271 1472 perferrent
1282 1431 1409 1462 :deinde
1420 1453 1427 1466 ,
1437 1431 1520 1473 qubd
1531 1429 1660 1461 miserint
1671 1430 1705 1460 ad
1716 1428 1907 1470 seniores‚qui
1919 1431 2079 1469 prudenter
2089 1443 2157 1462 ero-

395 1489 526 1522 rgarent.
548 1490 615 1512 nam
626 1479 687 1510 siin
698 1479 802 1523 vulgus
811 1481 967 1520 projicitur
983 1476 1168 1517 eleemosyna
1179 1498 1188 1511 ‚
1197 1476 1246 1507 vel
1257 1478 1285 1507 in
1298 1477 1399 1507 medio
1410 1474 1672 1518 ponitur,quisque
1682 1484 1750 1505 mox
1761 1473 1850 1504 veluti
1863 1473 2023 1515 expositam
2035 1476 2156 1517 predam

409 1524 485 1557 adse
495 1525 599 1567 rapiet.
622 1533 710 1566 atque
720 1525 758 1556 ita
767 1525 971 1555 audacissimus
981 1523 1101 1566 quisque
1111 1520 1260 1553 fraudabit
1270 1531 1394 1564 egenoS,
1405 1520 1468 1551 im'o
1478 1520 1524 1552 sua
1534 1529 1692 1561 rapacitate
1701 1518 1855 1549 famelicos
1864 1519 2023 1561 iugulabit.
2045 1521 2158 1553 Ooser-

410 1580 517 1602 nemus
526 1571 624 1612 itaque
635 1569 690 1600 hos
701 1570 786 1600 locos
796 1591 806 1604 ,
815 1570 865 1611 qui
878 1570 988 1600 docent
1009 1578 1069 1598 non
1080 1564 1196 1598 tantum
1208 1566 1322 1606 syncera
1333 1564 1392 1596 fide
1400 1563 1457 1595 effe
1465 1565 1611 1605 agendum
1623 1585 1632 1598 ‚
1641 1563 1688 1594 sed
1698 1564 1805 1603 requiri
1815 1563 1902 1593 etiarn
1921 1574 2033 1595 certum
2051 1565 2156 1597 ordine

412 1616 445 1646 δε
455 1614 642 1656 prudentiam
662 1623 721 1645 tarn
734 1614 763 1644 in
772 1614 913 1644 habendo
922 1612 1038 1643 delectu
1048 1633 1058 1647 ,
1068 1609 1156 1652 quam
1174 1619 1237 1641 tota
1253 1609 1512 1641 administratione.
1539 1620 1551 1637 s
1561 1620 1576 1638 E
1586 1621 1602 1638 N
1613 1619 1713 1638 iones
1731 1614 1877 1637 vocantur
1894 1617 1985 1647 penes
2001 1619 2077 1650 quos
2092 1619 2155 1641 erat

409 1658 543 1690 Ecclefiae
551 1660 684 1700 regimen
697 1679 706 1693 ,
716 1659 745 1688 iri
755 1658 865 1698 quibus
881 1657 1011 1699 primum
1022 1656 1144 1699 gradum
1154 1653 1297 1686 tenebant
1316 1653 1445 1695 Apostoli
1457 1664 1463 1683 :
1473 1652 1592 1683 illorum
1603 1652 1716 1683 iudicio
1727 1651 1904 1681 submittunt
1923 1653 2106 1684 Antiocheni
2117 1653 2157 1684 sa-

412 1713 493 1734 cram
505 1703 663 1745 pecuniam
675 1723 684 1737 ,
696 1712 781 1744 quam
792 1702 972 1743 pauperibus
982 1701 1174 1733 destinarunt.
1197 1700 1225 1729 Si
1234 1700 1300 1740 quis
1311 1699 1436 1728 obiiciat
1446 1719 1456 1733 ,
1466 1698 1517 1728 has
1525 1698 1670 1728 Diaconis
1680 1694 1824 1726 §muneras
1840 1693 1920 1725 fuisse
1937 1708 2032 1737 partes
2042 1717 2050 1730 ‚
2061 1709 2154 1739 quum

410 1756 557 1789 negarent
568 1746 701 1789 Apostoli
711 1746 738 1777 se
751 1746 915 1778 mensarum
927 1749 958 1777 &
967 1745 1106 1775 doctrinae
1118 1742 1281 1773 ministerio
1291 1741 1372 1773 simul
1382 1741 1508 1772 sufficere
1518 1763 1527 1775 ,
1537 1739 1684 1782 responsio
1695 1739 1785 1769 facilis
1797 1739 1837 1768 est
1849 1760 1858 1773 ,
1867 1737 1905 1768 sic
1915 1740 2021 1773 mensis
2031 1740 2156 1784 praefurs.

413 1789 443 1823 se
453 1793 656 1827 Diaconos,vt
664 1791 848 1831 presbyteris
857 1801 956 1822 tamen
966 1786 1183 1821 subessentmec
1191 1787 1351 1827 quicquam
1363 1784 1415 1816 nifi
1424 1795 1458 1817 ex
1469 1795 1572 1817 eorum
1582 1784 1759 1816 authoritate
1768 1792 1898 1824 agerent.

1157 1883 1397 1907 cAi’vrxxI.

478 1997 487 2004 .
536 2018 547 2021 ⁷.
578 1983 584 2022 j
644 1976 659 2007 1
669 1974 698 2007 R
709 1975 738 2006 C
748 1974 765 2006 l
774 1973 807 2006 T
819 1972 849 2005 E
858 1973 886 2005 R
899 1975 1031 2021 tempus
1039 1965 1144 2013 illud,
1154 1964 1242 2020 mtfit
1253 1962 1411 2004 Herodes
1431 1970 1507 2002 Rex
1529 1976 1651 2003 manus
1661 1973 1725 2011 ‚vt
1744 1960 1915 2017 affligeret
1935 1959 2094 2017 quasdam
2111 1977 2157 2004 ex

585 2052 588 2055 ,
644 2024 794 2079 Ecclesia.
1661 2017 1666 2021 ⁴

618 2090 627 2104 ‘³
686 2079 859 2135 Intetsfe’cit
868 2090 983 2119 autem
992 2078 1146 2119 Iacobum
1144 2080 1293 2135 fratrem
1303 2075 1575 2130 lqannisgladio.

710 2145 756 2177 Et
765 2139 895 2178 videns
906 2133 1000 2192 qubd
1005 2136 1221 2194 hocplareret
1230 2135 1347 2176 Iudaeis
1356 2163 1366 2182 ,
1375 2135 1529 2190 perrexit
1538 2130 1817 2187 comprehendere
1827 2130 1867 2178 [ly
1878 2138 2016 2170 Petrum
2027 2149 2039 2170 .·
2050 2139 2161 2172 Erant

421 2209 537 2238 autem
547 2204 622 2236 dies
631 2203 873 2256 azymorum.

492 2270 519 2301 4
573 2259 695 2304 Qum
706 2251 746 2297 θ’·
757 2251 846 2290 hunc
857 2251 994 2305 cepiss'et,
1005 2249 1111 2303 posin}
1122 2252 1160 2289 in
1169 2247 1487 2292 carcerem,tradens
1498 2256 1644 2301 quatuor
1652 2241 1933 2300 quaternionibus
1940 2245 2088 2285 militum
2097 2259 2162 2284 cu-.

417 2307 847 2360 §fodiendumfflolenspost
855 2305 976 2357 Pasiha
984 2298 1166 2362 producere
1177 2306 1281 2362 ipsitm
1291 2306 1422 2360 populo.
1696 2311 1699 2314 '

465 2380 481 2418 5
526 2372 648 2403 Petrus
657 2366 775 2418 itaque
785 2362 1029 2418 custodiebatur
1036 2365 1074 2402 in
1086 2377 1221 2402 carcere.
1254 2370 1285 2402 F
1285 2361 1377 2402 rebat
1383 2372 1497 2401 autem
1502 2374 1564 2416 pro
1576 2356 1640 2414 ipsb
1660 2358 1785 2410 assidua
1790 2359 1940 2413 precatio
1959 2355 2001 2395 ab
2022 2355 2160 2413 Eccliss‘a

422 2423 473 2462 ad
480 2430 603 2461 Deum.

456 2533 470 2553 ι
506 2520 645 2564 Sequitur
654 2529 732 2550 noua
741 2518 907 2561 persecutio
917 2518 954 2551 ab
963 2517 1085 2550 Herode
1097 2517 1233 2550 excitata.
1257 2515 1401 2547 Videmus
1408 2512 1539 2546 Ecclesiae
1550 2513 1630 2545 datas
1641 2511 1720 2546 fuisse
1730 2514 1838 2546 breues
1856 2513 1990 2545 inducias
2000 2536 2009 2550 ,
2017 2524 2049 2546 vt
2067 2513 2163 2555 pauli.

427 2566 491 2610 sper
501 2565 581 2609 quasi
590 2563 759 2606 respirando
776 2565 908 2595 animum
920 2565 948 2595 iri
959 2563 1087 2595 futurum
1097 2572 1216 2604 tempus
1226 2561 1382 2603 colligeret
1393 2579 1403 2593 ,
1412 2570 1445 2589 ac
1454 2569 1524 2590 tunc
1534 2559 1694 2601 deintegib
1707 2570 1860 2601 pugnaret.
1881 2562 1922 2588 Ita
1939 2559 2030 2589 hodie
2042 2569 2102 2589 nori
2121 2558 2163 2589 est

430 2623 482 2644 cur
496 2620 667 2653 perpetuam
676 2608 729 2639 fibi
739 2609 872 2651 quierem
885 2608 988 2639 fideles
997 2607 1107 2639 vnavel
1117 2607 1207 2639 altera
1218 2616 1316 2648 pugna
1327 2602 1458 2635 defuncti
1469 2605 1653 2645 promittant,
1664 2614 1711 2635 aut
1722 2603 1776 2634 sibi
1786 2600 1968 2634 vacationem
1981 2612 2083 2643 petant
2093 2612 2165 2643 qua-

429 2656 490 2689 lem
500 2657 609 2688 habere
617 2653 711 2686 solent
721 2653 838 2685 emeriti
850 2654 959 2685 milites
970 2665 977 2683 ι
988 2651 1104 2684 sufficiat
1114 2651 1134 2682 si
1143 2652 1292 2683 Dominus
1300 2650 1335 2681 ad
1346 2650 1424 2680 vires
1434 2649 1756 2690 reficiendastemporis
1772 2646 1884 2688 aliquid
1901 2647 2048 2678 concedit.
2070 2649 2165 2678 Caete-

428 2701 496 2734 nim
517 2701 565 2732 hic
583 2698 719 2731 Herodes
729 2696 786 2729 fuit
795 2699 925 2740 Agrippa
935 2699 1026 2729 maior
1036 2719 1045 2733 ‚
1058 2695 1218 2728 Aristobuli
1228 2694 1304 2726 filius
1313 2714 1322 2729 ,
1332 2704 1419 2736 quern
1431 2703 1511 2734 pater
1519 2693 1678 2724 occiderat.
1700 2695 1773 2724 Eum
1783 2691 1924 2732 Iosephus
1942 2690 2082 2732 nusquam
2103 2692 2165 2722 He-

427 2746 534 2778 rodem
545 2744 680 2776 nominat
689 2754 697 2774 :
706 2740 784 2774 forte
792 2743 860 2784 quia
868 2741 985 2774 fratrem
995 2741 1125 2773 habebat
1133 2744 1246 2782 Regem
1257 2738 1408 2771 Chalcidis
1416 2760 1425 2773 ‚
1435 2738 1483 2779 qui
1494 2737 1628 2769 Herodes
1636 2740 1807 2769 vocabatur.
1830 2738 1886 2766 Hic
1895 2737 1930 2766 ad
1940 2735 2099 2767 vexandam
2111 2737 2165 2766 Ec-

429 2789 544 2822 clesiam
558 2812 568 2826 ,
578 2798 709 2820 nontam
720 2787 875 2830 religionis
884 2786 979 2818 studio
989 2785 1127 2819 accensus
1136 2783 1191 2816 fuit
1204 2807 1212 2820 ,
1222 2784 1308 2826 quarn
1319 2793 1351 2815 vt
1362 2783 1497 2814 deliniret
1511 2783 1569 2814 hoc
1578 2793 1700 2814 munere
1719 2782 1838 2824 plebem
1857 2779 1909 2811 fibi
1932 2791 2033 2821 parum
2051 2781 2164 2820 alioqui

429 2835 590 2877 propitiam
603 2855 612 2869 ,
622 2833 671 2865 vel
681 2831 760 2864 certe
768 2833 920 2873 tyrannica
928 2829 1033 2863 saeuitia
1043 2852 1053 2866 ‚
1064 2829 1146 2872 qubd
1157 2828 1208 2860 sibi
1218 2828 1326 2861 annuis
1336 2828 1424 2859 rebus
1434 2837 1602 2862 metueret,
1613 2838 1684 2868 quas
1694 2826 1806 2868 semper
1824 2827 1940 2865 tyranni
1958 2824 2095 2869 suspetstas
2112 2825 2164 2855 ha-

431 2879 519 2913 berit,
532 2890 568 2909 ne
576 2876 758 2910 conturbent
766 2876 956 2919 tranquillum
966 2877 1084 2917 imperii
1094 2875 1209 2906 statum.
1230 2872 1390 2905 Probabile
1400 2881 1497 2902 tamen
1515 2872 1571 2907 est,
1582 2871 1751 2914 sangninem
1769 2870 1921 2901 innoxium
1938 2867 2055 2903 fudisse,
2065 2879 2097 2901 vt
2108 2878 2164 2909 pro

432 2924 586 2955 communi
594 2922 718 2955 artificio
728 2920 966 2963 Regum‚furenti
977 2920 1090 2962 populo
1100 2917 1390 2963 gratificareturzquia
1399 2916 1487 2959 paulb
1499 2917 1563 2958 post
1573 2916 1701 2948 narrabit
1710 2919 1801 2947 Lucas
1810 2914 1945 2947 custodia
1954 2913 2089 2946 traditum
2100 2911 2164 2944 fuis-

431 2967 461 2999 se
469 2970 635 3001 Petrurn‚vt
644 2965 806 2997 iucundum
821 2965 891 2998 esset
902 2965 1109 3007 spectaculum.

469 3014 503 3042 Ο
515 3023 532 3042 c
548 3023 565 3042 c
580 3023 591 3041 i
604 3023 623 3042 ia
638 3023 649 3042 r
661 3022 678 3041 τ
701 3021 712 3040 1
726 3022 742 3040 Α
756 3021 774 3041 c
787 3022 804 3040 ο
819 3023 833 3041 Β
847 3023 864 3040 ν
879 3023 900 3041 m
911 3016 945 3048 .)
971 3013 1040 3041 Non
1052 3009 1177 3041 dubium
1189 3006 1230 3039 est
1239 3005 1308 3048 quin
1318 3014 1419 3037 arcana
1430 3006 1487 3036 Dei
1499 3005 1609 3037 virtute
1619 3027 1629 3041 ,
1639 3014 1753 3036 retenta
1763 3005 1795 3035 δε
1813 3003 1946 3036 cohibita
1965 3000 2057 3032 fuerit
2073 3000 2165 3032 insani

437 3056 571 3088 hominis
581 3066 628 3086 ctu
634 3051 748 3085 deiit‘as.
769 3065 867 3096 neque
875 3055 955 3086 enim
964 3065 1022 3086 vna
1030 3064 1119 3096 atque
1127 3054 1215 3085 altera
1225 3051 1300 3083 caede
1308 3059 1467 3082 contentus
1475 3070 1484 3084 ‚
1500 3049 1552 3080 fibi
1563 3052 1600 3082 ab
1609 3049 1673 3081 aliis
1681 3049 1888 3091 persequendis
1895 3044 2166 3088 temperaffer,quin

436 3102 540 3144 potius
549 3101 686 3142 ingentes
696 3098 866 3139 cumulasset
875 3110 996 3131 aceruos
1006 3109 1165 3139 martyrum
1177 3119 1186 3133 ,
1197 3096 1246 3127 nisi
1257 3098 1339 3131 Deus
1349 3094 1480 3134 opposita
1488 3106 1574 3126 manu
1586 3104 1708 3138 gregem
1719 3094 1800 3125 suurn
1819 3102 1930 3124 tutatus
1944 3089 2024 3122 esset.
2046 3093 2089 3122 Ita
2105 3095 2166 3132 qui‘r

435 3146 573 3178 videmus
582 3141 698 3184 pietatis
707 3143 803 3174 hostes
813 3144 893 3176 rabie
903 3145 1008 3185 plenos
1017 3165 1025 3178 ,
1036 3154 1095 3174 non
1109 3143 1196 3174 edere
1204 3135 1362 3172 horrendas
1374 3138 1480 3179 strages
1489 3160 1498 3174 ‚
1507 3149 1538 3171 vt
1548 3141 1650 3172 omnia
1658 3138 1797 3181 sanguine
1807 3135 1945 3168 misceant
1954 3154 1963 3170 ,
1971 3134 2093 3167 sciamus
2104 3145 2167 3166 non

436 3190 501 3222 fieri
511 3190 570 3221 hoc
578 3186 785 3218 moderatione
796 3187 921 3229 ipsorum
929 3189 978 3221 vel
989 3188 1147 3220 clementia
1157 3209 1168 3223 ‚
1177 3186 1225 3217 sed
1235 3185 1302 3227 quia
1310 3184 1457 3216 Dominus
1466 3184 1574 3216 ouibus
1585 3184 1638 3216 suis
1647 3193 1767 3224 parcens
1777 3203 1786 3217 ‚
1797 3191 1858 3211 non
1875 3181 1984 3220 patitur
1995 3189 2046 3211 eos
2056 3190 2166 3211 nocere

439 3243 582 3276 quantum
592 3231 715 3264 vellent·
736 3234 806 3264 Non
819 3242 879 3264 erat
889 3233 968 3265 certe
978 3243 1037 3264 tam
1047 3232 1192 3262 humanus
1203 3230 1250 3261 hic
1260 3229 1397 3261 Herodes
1406 3249 1415 3263 ‚
1425 3238 1456 3259 vt
1466 3239 1584 3260 centum
1595 3228 1750 3259 hominurn
1761 3225 1808 3273 vel
1817 3224 1944 3266 plurium
1957 3224 2100 3266 supplicio
2117 3235 2166 3266 pa-

439 3290 505 3309 cem
514 3278 563 3311 vel
573 3275 747 3319 popularem
758 3276 878 3317 gratiani
892 3278 1036 3313 redimere
1047 3276 1205 3308 dubitaret.
1227 3276 1327 3314 Qare
1338 3273 1520 3304 statuendum
1538 3274 1577 3304 est
1587 3295 1596 3308 ‚
1607 3272 1793 3304 constriCiarn
1811 3270 1922 3301 maiore
1937 3270 2065 3311 imperio
2083 3266 2167 3299 fuisse

440 3321 687 3354 eiuslibidinem‚
698 3330 735 3351 ne
744 3320 898 3351 Ecclesiam
910 3321 1116 3353 vehementius
1127 3328 1282 3361 premeret.
1303 3330 1315 3348 1
1328 3331 1344 3349 ii
1357 3328 1375 3349 c
1390 3329 1408 3347 o
1422 3328 1436 3346 ι
1450 3328 1467 3347 ν
1478 3328 1498 3347 Μ
1520 3318 1630 3348 occidit
1640 3313 1906 3358 ,quemadmodum
1927 3314 1977 3345 vbi
1993 3312 2097 3344 seditio
2116 3313 2168 3344 ali-

440 3375 498 3406 qua
509 3377 590 3398 mota
598 3365 638 3396 est
649 3386 660 3401 ,
670 3364 701 3395 iri
709 3363 798 3396 duces
806 3367 837 3396 δε
846 3365 941 3405 capita
951 3365 1144 3397 animaduerti
1154 3364 1226 3396 solet
1234 3386 1243 3400 ,
1255 3373 1286 3395 vt
1297 3373 1397 3394 eorum
1409 3361 1548 3403 supplicio
1559 3361 1753 3403 promiscuum
1765 3358 1869 3400 vulgus
1879 3369 2029 3390 terreatur.
2051 3359 2167 3389 Interea

438 3410 666 3448 Dominus,eum
678 3419 767 3450 quem
777 3409 937 3441 constantia
946 3409 1116 3443 instruxerat
1127 3431 1135 3444 ‚
1146 3418 1177 3440 vt
1186 3407 1272 3440 sortis
1283 3406 1450 3439 &inuictus
1459 3406 1566 3436 athleta
1576 3404 1732 3436 moriendo
1741 3404 1893 3438 vinceret,
1904 3403 1939 3434 ad
1959 3413 2086 3433 mortem
2105 3402 2166 3443 rapi

439 3451 532 3493 passus
541 3448 599 3484 ests
615 3455 658 3488 lta
669 3454 811 3496 quicquid
822 3454 937 3495 tyranni
950 3454 1174 3487 machinentur,
1185 3455 1267 3484 Deus
1276 3462 1376 3484 tamen
1387 3450 1520 3482 victimas
1530 3449 1580 3481 sibi
1597 3450 1670 3492 grati
1687 3448 1790 3480 odoris
1804 3448 1910 3490 deligit
1929 3447 1964 3477 ad
1982 3445 2168 3477 sanciendam

435 3497 589 3539 Euangelij
599 3495 637 3526 sui
650 3496 746 3529 fidem.
775 3511 789 3529 ε
804 3511 821 3530 R
833 3511 849 3529 Α
861 3511 878 3529 τ
891 3511 909 3529 R
922 3510 938 3529 a
952 3510 972 3529 Μ
981 3498 1101 3529 Ioannis
1110 3501 1201 3529 Lucas
1211 3496 1344 3527 nominat
1353 3495 1430 3527 hunc
1441 3495 1583 3526 Iacobum
1594 3495 1644 3536 qui
1653 3492 1764 3524 occisus
1773 3491 1813 3523 est
1826 3514 1834 3527 ,
1849 3502 1880 3523 vt
1889 3491 1905 3522 a
1921 3491 1982 3522 filio
1996 3490 2106 3530 Alphaei
2124 3489 2168 3521 di-

433 3540 570 3583 stinguat.
593 3543 668 3570 Nam
678 3541 759 3582 qubd
769 3544 817 3584 alij
827 3543 947 3574 tertium
964 3541 1075 3574 faciunt
1085 3541 1191 3573 Christi
1205 3539 1527 3582 cognatum,quivnus
1545 3538 1659 3571 tanturn
1676 3536 1766 3568 fuerit
1786 3547 1821 3567 ex
1839 3535 2002 3577 discipulis,
2016 3533 2088 3565 mihi
2107 3544 2169 3564 nori

428 3584 653 3628 probatur:quia
660 3583 753 3618 firmis
761 3587 926 3621 rationibus
935 3588 1118 3625 adducor‚ne
1126 3586 1226 3630 plures
1236 3584 1291 3618 esse
1300 3588 1427 3621 credam.
1437 3586 1490 3617 Eas
1499 3584 1551 3627 qui
1562 3585 1643 3617 volet
1650 3591 1730 3624 petat
1739 3579 1910 3613 exsecando
1920 3580 1956 3612 ad
1965 3578 2082 3610 Galatas
2086 3578 2169 3653 J{api-

2044 3632 2083 3654 te.
2111 3633 2162 3654 uti-
