2310 3841
406 126 446 174 33
826 111 910 153 IN
975 102 1210 151 ACTA
1271 98 1568 150 APOST.

288 1615 421 1643 'Marah-0.

293 1843 394 1866 1.Cot.;.
404 1843 424 1859 ⁴·-

293 1876 349 1899 16&
358 1870 380 1894 d·
392 1877 424 1899 ¹7·

292 1908 317 1933 ὅ(
326 1908 402 1934 cap.6.

290 1958 416 1995 {comd-

296 2010 332 2029 16.

296 2162 374 2187 timii.
383 2165 430 2186 ΞΑ·

306 2332 420 2355 1.C0r.1¹-·

303 2365 368 2387 bso-

303 2392 435 2423 Λξῖμὶῶὅ.

409 182 686 234 possolorum.Vide
696 180 767 225 quid
778 180 906 213 ambitio
915 176 1095 210 facit-Pudet
1103 177 1247 210 Ananiam
1259 189 1320 210 non
1329 177 1432 210 haberi
1443 189 1534 208 vnum
1548 187 1582 209 ex
1591 177 1728 220 optimis,
1740 176 1878 219 quamuis
1889 182 1962 219 ergo
1979 178 2109 217 pecunie
2125 179 2158 214 fi:

416 233 541 275 cupidus
550 253 560 266 ‚
569 232 713 262 vtfamam
724 227 852 267 acquirat
861 226 936 254 inter
948 223 1104 256 homines,
1115 221 1292 254 facultatum
1303 222 1414 254 suarum
1425 233 1507 264 parte
1517 221 1543 253 se
1554 224 1660 264 priuat.
1681 228 1798 255 Interea
1808 233 1867 252 nori
1886 232 1997 264 cogitat
2019 223 2044 253 ie
2055 224 2081 253 in
2099 227 2158 257 Dei

418 276 576 319 'conspectu
589 273 708 304 mentiri
719 282 752 302 ac
761 270 920 304 fallere,&
932 270 1030 299 Deum
1042 268 1129 298 huius
1149 267 1297 309 mendacij
1312 266 1375 299 fore
1391 268 1529 299 vliorem.
1551 270 1597 298 lta
1617 268 1648 299 fit
1660 290 1669 305 ,
1680 281 1711 301 vt
1730 268 1821 310 pedes
1839 268 2049 308 Apostolorum
2068 271 2161 310 magis

415 317 648 360 honoret,quim
661 315 916 352 Deioculos.Qo
926 313 1019 355 magis
1029 312 1192 344 cauendum
1204 311 1255 347 est,
1267 323 1304 343 ne
1316 313 1345 343 in
1357 312 1437 343 reste
1448 313 1567 355 agendo
1578 314 1685 344 theatri
1696 313 1826 355 plausum
1837 322 2080 351 appetamus:net
2091 313 2163 344 verb

417 364 521 399 frustra
529 363 678 398 admonet
690 359 820 391 Christus
831 381 840 394 ‚
852 358 922 389 vtile
933 356 989 388 effe
998 368 1089 398 quum
1100 357 1203 388 damus
1213 357 1429 398 eleemosynam
1440 378 1450 393 ,
1460 355 1568 388 nescire
1579 368 1697 389 manum
1710 358 1845 388 sinistram
1859 357 1931 397 quid
1940 356 2025 388 saciat
2034 359 2164 389 dextera.

453 420 466 446 5
488 411 531 439 Dr
539 419 588 438 xir
615 416 722 435 AVTEM
746 414 867 434 Pernvs
883 424 889 432 .
906 402 918 441 )
942 402 1124 434 VndePetro
1136 412 1288 442 comperta
1298 413 1358 434 erat
1370 401 1448 432 fraus
1457 403 1594 432 Ananiae?
1605 403 1711 434 Procul
1723 402 1817 433 dubio
1831 411 1866 432 ex
1876 401 2059 432 reuelatione
2070 405 2162 444 Spiri-

418 464 476 485 tus.
499 450 650 494 Significat
660 460 732 489 ergo
742 452 832 478 Lucas
845 469 854 482 ,
867 446 1023 487 Apostolos
1039 443 1198 477 sustinuisse
1216 445 1442 487 quodammodo
1460 447 1519 477 Dei
1536 445 1688 485 personam
1704 468 1712 480 ,
1729 444 1850 487 eiusque
1874 446 1939 475 vice
1958 444 2076 478 funetos
2094 446 2160 478 effe.

420 497 514 538 Qod
525 496 543 526 si
555 497 611 527 Dei
623 494 745 535 Spiritus
755 503 807 534 per
817 502 850 522 os
860 492 992 522 hominis
1002 491 1134 521 mortalis
1143 491 1181 521 ita
1191 490 1310 531 praecise
1321 501 1403 534 vrget
1425 491 1610 532 hypocritam
1622 512 1631 525 ,
1643 490 1771 531 specioso
1782 491 1894 530 alioqui
1906 492 2049 521 virtutum
2060 493 2163 524 colore

419 542 552 574 fucatum
563 562 571 575 ‚
581 539 736 581 quomodo
747 547 852 567 vocem
863 534 950 577 ipfius
958 536 1016 566 Dei
1027 546 1094 567 cum
1103 535 1182 566 tubae
1199 536 1337 576 clangore
1347 555 1356 570 ,
1372 536 1492 578 reprobi
1514 534 1693 565 sustinebunt
1707 556 1715 569 ,
1733 545 1824 575 quum
1835 535 1871 564 ad
1882 536 1945 565 eius
1955 535 2083 567 tribunal
2091 549 2163 568 ven-

420 597 485 618 tum
500 585 606 616 fuerit?
632 582 743 616 Porrb,
755 582 800 612 sua
812 581 1045 622 interrogatione
1054 585 1157 611 Petrus
1167 580 1299 611 criminis
1308 582 1494 612 atrocitatem
1513 579 1644 619 defignat
1658 601 1666 613 ‚
1678 580 1728 609 vbi
1740 580 1809 610 dicit
1827 600 1836 614 ‚
1856 590 1873 609 c
1891 591 1908 608 0
1922 592 1938 610 R
1955 580 2074 610 Ananiae
2083 579 2164 612 fuiss‘e

422 630 580 672 impletum
589 627 746 659 &Sathanm
782 629 883 656 Nemo
901 625 981 656 enim
1002 624 1042 655 est
1061 625 1145 655 cuius
1155 635 1206 655 cor
1224 635 1285 654 nou
1303 635 1451 666 pungatur
1463 625 1586 655 stimulis
1605 625 1753 654 Satlianaez
1771 624 1921 665 obrepunt
1940 635 2028 654 etiam
2045 623 2166 667 singulis

423 676 521 706 mulrae
531 674 712 706 tentationes
721 692 730 706 ‚
742 673 774 702 δε
783 672 813 701 in
823 680 926 701 eorum
939 669 1054 700 animos
1064 668 1285 710 penetrant:sed
1296 670 1348 700 vbi
1358 669 1478 707 Sathan,
1489 680 1540 700 cot
1549 679 1686 709 occupat.
1698 678 1820 710 regnum
1831 687 1840 701 ,
1853 668 1944 699 veluti
1954 668 2074 708 expulso
2085 673 2165 705 Deo,

422 720 542 751 obtinet
552 719 582 748 iri
591 727 661 753 toto
670 716 812 755 homine..
840 718 907 744 Hoc
917 714 1036 756 reprobi
1046 713 1177 744 hominis
1186 713 1297 755 signum
1309 734 1319 749 ,
1329 714 1459 745 sathanae
1469 713 1505 744 fic
1516 713 1633 748 addici,
1647 723 1675 745 vt
1685 715 1742 743 Dei
1755 713 1879 754 Spiritus
1894 713 1966 744 nihil
1978 713 2037 743 loci
2048 715 2168 746 habeat.

422 764 518 800 Quod
529 762 566 793 de
577 760 732 792 mendacio
743 758 872 801 sequitui·
880 782 890 797 ‚
899 759 1048 800 duplicem
1061 758 1168 790 habere
1178 756 1288 790 sensum
1300 759 1412 799 potest:
1424 758 1469 789 vel
1480 756 1561 798 quod
1569 756 1641 789 falsi>
1651 769 1706 799 piae
1723 756 1748 788 se
1759 758 1860 788 tulerit
1871 758 2073 798 Spiritum‚vel
2084 761 2167 800 qubd

423 809 454 838 iri
464 808 605 848 Spiritum
615 806 756 837 mentitus
767 804 845 835 fit.Et
855 803 933 834 certe
941 803 975 835 ad
987 803 1111 834 verbum
1120 804 1160 834 est
1170 825 1178 838 ‚
1192 814 1206 833 s
1218 815 1233 833 i»
1246 815 1256 834 1
1269 815 1287 833 R
1297 814 1306 832 i
1318 815 1336 833 τ
1352 815 1368 833 v
1382 815 1404 833 Μ
1427 803 1560 833 mentiri:
1573 802 1617 834 sed
1628 814 1716 844 quum
1727 798 1860 832 Graecuri·
1881 803 2004 833 verbum
2013 800 2166 840 ψὲυέὶσὲω

423 852 536 894 duplici
545 849 707 882 accusatiuo
718 846 956 890 iungatut‚idque
968 849 1118 879 contextui
1129 848 1236 879 melius
1245 849 1413 882 conueniat,
1423 858 1481 888 ego
1491 858 1610 889 quoque
1621 848 1677 879 huc
1686 848 1777 888 magis
1787 846 1899 877 inclino
1909 866 1917 880 ,
1930 851 2106 887 reprenendi
2124 853 2168 879 A-

422 897 557 930 naniam‚
569 895 651 938 quod
662 894 784 934 Spiritui
794 893 891 924 sancto
901 892 1149 934 perfideilluserit.
1166 892 1247 934 quod
1265 893 1354 934 paulo
1371 892 1435 934 post
1443 891 1597 923 confirmat
1607 911 1615 926 ‚
1637 893 1818 933 exprobrans
1829 891 1909 933 qnbd
1920 893 1988 921 Deo
1997 902 2057 922 non
2070 893 2168 922 homi-

427 943 518 973 nibus
528 941 669 972 mentitus
679 938 720 970 sit.
746 937 820 976 Qb
836 937 930 980 magis
948 937 1112 969 cauendum
1123 937 1183 970 est,
1199 948 1236 968 ne
1245 936 1417 968 dominetur
1428 939 1455 966 in
1467 937 1556 967 nobis
1572 936 1748 976 hypocrisis:
1761 937 1842 966 cuins
1859 937 1974 977 propria
1993 935 2034 966 est
2052 937 2100 967 ista
2110 937 2169 969 im·

427 986 562 1028 probitas
571 1005 581 1020 ‚
590 983 665 1016 velle
676 986 774 1015 Deum
786 982 886 1013 fallere
897 1005 906 1018 ‚
917 985 948 1014 &
959 982 1050 1013 veluti
1062 981 1222 1015 cornici,vt
1232 983 1394 1022 prouerbio
1405 981 1522 1016 dicitur,
1533 981 1683 1022 configere
1694 981 1814 1012 oculos:
1827 981 1908 1022 quod
1920 981 1978 1011 line
1989 981 2114 1023 indigno
2125 983 2169 1013 lu-

430 1031 531 1062 dibrio
541 1030 603 1061 fieri
615 1040 676 1060 non
687 1027 792 1068 potest.
804 1027 916 1062 Quare,
928 1038 987 1057 non
999 1026 1149 1057 immeritb
1159 1026 1231 1057 dicit
1242 1028 1357 1061 Petrus,
1370 1027 1421 1056 vbi
1432 1025 1489 1056 hoc
1499 1025 1531 1055 fit
1543 1047 1550 1060 ,
1561 1036 1611 1055 coi·
1622 1027 1637 1056 a
1655 1026 1779 1056 Sathana
1790 1024 1846 1056 effe
1858 1023 1933 1065 poss<
1940 1025 2022 1056 [sum.
2049 1027 2127 1064 Qis
2139 1038 2169 1057 e.

430 1077 493 1107 nim
504 1074 556 1105 nifi
566 1074 665 1105 omnis
676 1072 744 1103 sanae
753 1072 877 1103 rationis
886 1082 999 1113 expers,
1010 1081 1069 1101 tam
1082 1069 1311 1101 contumeliosus
1319 1071 1349 1101 in
1363 1073 1462 1101 Deum
1472 1067 1529 1100 effe
1539 1071 1679 1102 auderet?
1693 1072 1765 1102 Ideo
1781 1071 1882 1101 Petrus
1892 1069 1971 1111 quasr
1981 1071 2017 1100 de
2027 1071 2170 1114 prodigio

429 1121 605 1162 interrogat:
614 1118 754 1160 quoniam
766 1116 913 1148 horrenda
924 1116 964 1146 est
974 1114 1116 1145 eiusmodi
1124 1110 1245 1145 caecitas.

466 1178 485 1202 4
520 1167 546 1194 A
559 1176 577 1194 n
592 1175 610 1193 r<
624 1174 642 1192 o
656 1174 674 1192 u
699 1173 720 1192 M
736 1172 752 1190 Α
767 1173 786 1190 n
801 1171 817 1191 Β
832 1172 849 1190 n
866 1162 904 1201 s.)
929 1160 1056 1200 Culpam
1067 1168 1234 1203 exaggerat,
1244 1157 1282 1189 eb
1291 1157 1374 1199 quod
1385 1159 1464 1190 nulla
1473 1157 1641 1190 necessitate
1653 1156 1791 1198 impulsus
1804 1159 1981 1198 peccauerit.
1990 1162 2066 1189 Nam
2075 1168 2170 1200 quum

431 1220 490 1241 nec
499 1209 558 1240 haec
567 1207 688 1249 quidem
697 1205 762 1236 satis
773 1206 844 1236 iusta
854 1204 886 1236 fit
897 1204 1046 1235 excusatio
1057 1225 1066 1238 ,
1076 1204 1195 1235 aliunde
1205 1201 1288 1233 fuiffe
1299 1204 1454 1234 incitatum
1465 1225 1473 1238 ,
1484 1213 1595 1245 quanto
1611 1204 1741 1234 deterius
1756 1201 1795 1232 est
1814 1202 1917 1243 sponte
1932 1204 1966 1234 ad
1985 1204 2092 1234 malum
2105 1214 2170 1234 rue-

431 1264 463 1285 re
473 1275 482 1288 ‚
501 1256 534 1285 &
543 1250 620 1294 quasi
642 1251 707 1282 data
717 1260 807 1290 opera
825 1249 877 1279 sibi
888 1248 1032 1280 accersere
1047 1249 1105 1279 Dei
1117 1247 1298 1279 vindiciam?
1332 1248 1479 1279 Caeterum
1490 1269 1499 1283 ,
1517 1247 1586 1278 hinc
1607 1248 1775 1289 colligimus
1795 1266 1804 1279 ,
1823 1247 1895 1278 nulli
1906 1246 1987 1278 fuisse
2004 1247 2172 1287 impositam

430 1298 529 1340 legem
541 1296 589 1328 sua
605 1295 760 1326 alienandi.
793 1296 899 1325 Pet'rus
910 1295 990 1324 enim
1001 1293 1125 1323 liberam
1142 1290 1228 1322 fuiss'e
1243 1292 1363 1322 Ananiae
1380 1292 1552 1332 potestatem
1571 1292 1642 1322 dicit
1662 1303 1720 1322 ram
1740 1292 1887 1321 retinendi
1905 1293 1965 1333 agri
1986 1314 1994 1327 ,
2013 1292 2099 1334 quam
2116 1291 2171 1322 ser-

432 1341 533 1373 uandae
550 1341 681 1383 pecuniae
697 1340 779 1381 :quia
790 1337 958 1370 insecundo
970 1337 1106 1368 membro
1117 1340 1197 1377 Ager
1207 1335 1346 1367 venditus
1367 1347 1420 1377 pro
1431 1336 1492 1377 ipso
1507 1337 1603 1377 pretio
1614 1337 1738 1377 capitur·
1764 1337 1842 1377 Ergo
1861 1334 1941 1367 suuni
1961 1337 2129 1372 retinendo,
2139 1336 2173 1366 si-

431 1386 507 1418 delis
517 1386 711 1417 nihilominus
720 1384 842 1415 habitus
849 1380 955 1414 fuisset.
989 1381 1077 1414 Vnde
1086 1391 1188 1424 patet,
1197 1381 1324 1412 omnino
1335 1379 1496 1414 freneticos
1505 1380 1562 1411 effe
1572 1381 1621 1423 qui
1633 1379 1772 1416 fidelibus
1790 1381 1879 1412 litere
1897 1392 2004 1424 negant
2013 1383 2172 1424 quicquam

429 1431 541 1463 habere
553 1431 716 1473 proprium.

464 1479 494 1506 N
507 1489 524 1506 o
539 1488 557 1507 u
586 1487 608 1506 M
620 1487 637 1506 a
653 1487 671 1505 n
686 1486 703 1504 ἰ’
715 1485 726 1503 1
738 1485 755 1504 τ
769 1486 785 1504 ν
801 1486 814 1504 s
841 1484 858 1504 s
872 1485 884 1503 s
908 1485 928 1503 fl
943 1483 961 1501 o
974 1482 995 1501 M
1009 1483 1020 1501 r
1034 1482 1052 1501 n
1070 1481 1082 1499 1
1099 1480 1114 1499 Β
1127 1482 1145 1500 ν
1161 1470 1200 1509 s.)
1222 1467 1349 1500 Tametsi
1367 1468 1480 1500 diuersa
1489 1470 1529 1500 est
1545 1469 1707 1500 verborum
1719 1468 1857 1509 syntaxis,
1876 1481 1935 1501 non
1955 1480 2054 1503 tamen
2065 1469 2174 1502 dubito

431 1522 504 1563 quin
524 1520 703 1562 superiorem
720 1518 892 1549 sententiam
910 1514 1075 1548 confirmet.
1109 1521 1183 1544 Nam
1195 1514 1357 1555 hypocritae
1368 1523 1412 1544 tot
1430 1513 1457 1544 se
1473 1514 1637 1544 inuolucris
1656 1524 1782 1554 tegunt,
1805 1526 1836 1545 vt
1851 1526 1956 1556 putent
1971 1515 2034 1547 libi,
2046 1526 2106 1545 non
2117 1512 2176 1544 effe

432 1574 502 1598 cum
512 1568 581 1596 Deo
591 1564 757 1605 negotium.
780 1562 964 1593 Nominatim
976 1559 1048 1590 verb
1059 1558 1097 1588 sic
1113 1558 1356 1599 Petrusloquitur
1367 1578 1377 1592 ,
1396 1558 1465 1598 quia
1475 1557 1574 1588 fucum
1591 1557 1724 1588 Ecclesiae
1732 1557 1839 1589 fecerat
1855 1562 1991 1590 Ananias.
2002 1571 2005 1577 ·
2015 1560 2120 1600 Atqui,
2129 1570 2175 1590 re-

433 1621 537 1652 putare
549 1607 850 1643 debuerat‚Vbiduo
860 1615 910 1636 aut
927 1614 987 1635 tres
996 1603 1171 1645 congregati
1181 1601 1284 1632 suntin
1302 1601 1410 1632 Christi
1420 1612 1562 1637 nomine,
1579 1598 1640 1632 illic
1660 1612 1727 1631 eum
1739 1602 1832 1633 adesse
1852 1603 1999 1644 praefidem
2011 1615 2018 1633 ε
2030 1615 2084 1634 nec
2093 1601 2176 1635 secus

435 1655 466 1685 in
476 1665 513 1685 eo
522 1663 606 1685 coetu
624 1653 761 1693 legerere
772 1672 782 1685 ‚
799 1649 887 1691 quam
903 1648 921 1679 si
938 1651 1037 1679 Deum
1058 1649 1154 1677 oculis
1164 1656 1309 1677 cerneret.
1335 1649 1410 1676 Nam
1421 1657 1511 1686 quum
1531 1647 1560 1676 in
1578 1644 1701 1676 Ecclesia
1722 1658 1845 1689 regnare
1860 1649 1932 1678 velit
1948 1650 2029 1679 Deus
2041 1670 2050 1683 ,
2070 1647 2088 1678 ii
2102 1649 2177 1689 quid

436 1699 480 1729 illi
497 1697 668 1729 reuerentiae
684 1691 1015 1735 deferimus‚religiose
1034 1691 1192 1723 colendum
1204 1690 1220 1721 ἔι
1236 1690 1325 1721 nobis
1344 1690 1551 1730 estimperium
1568 1690 1640 1720 illud
1660 1692 1742 1731 quod
1761 1692 1857 1722 verbo
1875 1702 2005 1723 exercet.
2029 1695 2179 1725 Homines

437 1742 559 1784 quidem
571 1751 652 1772 erant
662 1737 869 1782 Apostoli‚sed
880 1748 939 1768 non
950 1736 1056 1777 priuati
1074 1736 1211 1766 homines
1223 1735 1306 1775 :quia
1317 1736 1398 1764 Deus
1409 1735 1465 1764 illis
1483 1735 1563 1765 vices
1578 1733 1639 1764 suas
1656 1735 1854 1765 mandauerat.
1890 1737 2062 1766 Notandum
2077 1747 2179 1778 praete-

436 1799 486 1819 rea
496 1787 535 1819 est
545 1786 626 1828 qubd
644 1797 664 1816 D
679 1797 695 1815 E
709 1798 726 1814 o
751 1783 869 1814 mentiri
880 1782 970 1816 dicit,
983 1781 1032 1821 qui
1042 1780 1161 1819 Spiritui
1172 1778 1270 1809 sancto
1282 1778 1430 1808 mentitur.
1464 1781 1540 1808 Nam
1552 1778 1608 1808 hac
1624 1779 1767 1819 loquendi
1777 1778 1872 1809 forma
1882 1779 1956 1811 clare
1971 1778 2105 1812 asseritur
2114 1783 2182 1823 Spi-

436 1832 509 1863 ritus
519 1830 604 1862 sancti
615 1830 765 1860 diuinitas.
773 1827 886 1858 Eodem
896 1825 985 1857 etiarn
999 1823 1091 1855 modo
1102 1822 1219 1854 Paulus:
1229 1821 1353 1864 Templa
1362 1822 1422 1853 Dei
1431 1821 1508 1858 estis,
1517 1822 1585 1864 quia
1595 1823 1720 1865 Spiritus
1729 1823 1792 1855 eius
1801 1822 1832 1854 in
1840 1823 1929 1856 vobis
1937 1825 2052 1857 habitat
2063 1845 2074 1860 2
2083 1837 2104 1858 i.
2115 1829 2180 1858 Co.

439 1875 623 1909 rinth.tertio
634 1874 736 1914 capite.
2177 1868 2181 1870 ⁴

489 1931 502 1957 ς
536 1923 561 1950 Α
576 1929 593 1948 n
611 1929 627 1948 A
644 1929 662 1948 n
676 1929 688 1947 1
702 1927 719 1945 A
735 1929 747 1947 s
779 1926 826 1947 Av
837 1927 857 1946 n
870 1925 879 1944 i
891 1926 909 1945 τ
920 1925 931 1944 1
945 1926 958 1944 s
993 1922 1012 1943 u
1027 1913 1082 1953 ts.)
1105 1913 1186 1942 Mors
1199 1911 1320 1944 Ananiae
1329 1910 1414 1942 verbi
1425 1909 1583 1943 efficaciam
1594 1933 1604 1948 ‚
1616 1911 1704 1954 quam
1720 1911 1879 1955 magnifice
1896 1913 2180 1949 extollitPaulus‚te

438 1964 496 2007 ipsa
506 1962 701 2005 comprobat:
712 1971 820 2002 nempe
831 1959 912 2001 qubd
924 1959 957 1989 sit
968 1958 1045 1988 odor
1056 1957 1163 1988 mortis
1172 1956 1201 1986 in
1222 1967 1350 1987 mortem
1359 1956 1396 1986 irs
1409 1956 1458 1996 qui
1471 1966 1595 1997 pereunt
1606 1969 1613 1988 ε
1623 1970 1647 1989 2.
1664 1958 1806 1989 Corinth.
1815 1970 1838 1988 2.
1853 1958 1997 1999 Loquitur
2007 1960 2129 2002 quidem
2140 1954 2182 1994 de

440 2008 581 2052 spirituali
590 2007 692 2039 animae
702 2016 800 2036 morte
808 2004 875 2040 ,sed
884 2005 914 2034 in
923 2013 1049 2044 corpore
1057 2001 1176 2033 Ananiae
1186 2020 1196 2034 ‚
1214 2001 1278 2032 eius
1287 2011 1383 2042 poenae
1391 2010 1454 2042 quae
1471 2001 1577 2032 oculos
1588 2001 1744 2033 hominum
1756 2001 1832 2043 fugit
1844 2024 1854 2038 ,
1871 2002 1987 2035 viiibile
1998 2002 2054 2036 fuit
2062 2004 2183 2046 symbo-

441 2055 514 2087 lum.
533 2056 603 2084 Non
615 2051 726 2094 gladio,
738 2061 799 2081 non
811 2050 861 2084 vi,
873 2059 929 2080 nec
940 2057 1028 2079 manu
1038 2046 1150 2077 occisus
1167 2044 1224 2077 fuit
1235 2067 1244 2081 ‚
1253 2045 1301 2076 sed
1309 2044 1371 2076 solo
1381 2045 1463 2077 vocis
1480 2045 1582 2077 auditu
1600 2046 1758 2078 extinctus.
1780 2050 1848 2078 Hoc
1858 2058 1949 2089 quum
1958 2049 2093 2080 audimus
2102 2070 2112 2085 ‚
2121 2058 2182 2083 ter..

441 2109 523 2132 reant
533 2108 587 2129 nos
594 2095 748 2138 Euangelij
758 2095 843 2131 minae
852 2116 862 2130 ,
873 2095 904 2125 &
914 2092 1025 2124 mature
1040 2092 1196 2137 humilient
1207 2111 1217 2126 ,
1226 2101 1263 2121 ne
1274 2091 1456 2132 experiamur
1464 2089 1515 2130 ipsi
1524 2100 1646 2132 quoque
1656 2089 1780 2122 fimiiem
1792 2091 1939 2124 effectum.
1962 2096 2037 2124 Nam
2051 2094 2133 2136 quod
2142 2095 2181 2127 de

442 2143 562 2176 Christo
571 2141 742 2184 praedicatur
750 2152 760 2170 .·
769 2139 878 2181 Spiritu
888 2138 948 2169 oris
957 2137 996 2168 sui
1005 2136 1165 2168 interficiet
1175 2135 1300 2176 impium
1313 2147 1319 2166 :
1330 2145 1391 2166 non
1402 2133 1495 2166 modo
1512 2135 1549 2166 ad
1559 2145 1648 2177 caput
1664 2136 1825 2177 impiorum
1835 2155 1845 2170 ‚
1865 2136 1914 2168 sed
1925 2138 1961 2168 ad
1969 2137 2079 2180 fingula
2089 2141 2182 2171 etiam

443 2188 576 2220 membra
585 2186 725 2228 pertinet.
757 2184 875 2216 Etenim
885 2183 934 2225 qui
944 2182 1074 2213 oblatam
1085 2181 1115 2213 in
1128 2180 1225 2212 verbo
1234 2180 1297 2211 eius
1312 2179 1433 2211 salutem
1445 2178 1583 2220 respuunt
1593 2201 1603 2215 ,
1613 2180 1649 2211 iis
1664 2180 1851 2212 mortiferum
1870 2180 1928 2212 effe
1944 2193 2066 2223 oportet
2077 2205 2086 2218 ‚
2097 2183 2182 2225 quod

445 2231 544 2273 suapte
555 2240 656 2262 natura
665 2227 785 2270 salutare
794 2238 866 2259 erat.
899 2227 927 2258 Si
939 2227 986 2258 cui
996 2237 1094 2259 autem
1104 2221 1261 2256 absurdum
1274 2223 1393 2257 videtur
1402 2245 1412 2260 ,
1422 2223 1598 2266 Apostolum
1616 2225 1800 2265 corporalem
1817 2236 1940 2266 poenam
1950 2225 2092 2268 sumpfiffe
2103 2229 2182 2270 :pri-

447 2277 499 2309 mb
509 2274 672 2317 respondeo
681 2293 691 2308 ,
701 2273 760 2303 hoc
769 2271 850 2303 fuisse
859 2271 1121 2303 extraordinarium
1132 2282 1139 2301 ε
1150 2269 1259 2302 deinde
1269 2291 1278 2305 ‚
1289 2269 1347 2300 hoc
1359 2267 1443 2299 fuisse
1459 2279 1551 2300 vnum
1562 2279 1595 2299 ex
1603 2269 1689 2300 donis
1707 2270 1814 2311 Spiritu
1822 2277 1852 2300 s·:
1869 2271 2122 2312 quemadmodum
2132 2285 2184 2314 ap-

449 2330 531 2363 paret
540 2330 574 2351 ex
582 2331 618 2350 12..
627 2318 734 2360 prioris
743 2317 780 2348 ad
799 2317 939 2347 Corinth.
958 2326 1020 2355 cap.
1044 2316 1114 2352 Qa
1122 2316 1238 2346 ratione
1256 2315 1353 2355 postea
1364 2313 1534 2344 videbimus
1547 2333 1556 2347 ,
1573 2313 1702 2345 caecitate
1718 2312 1880 2355 percussum
1899 2312 1980 2346 fuisse
1991 2315 2006 2346 a
2015 2317 2108 2347 Paulo
2117 2319 2185 2358 Ely-

449 2377 526 2398 mam
538 2374 667 2406 magum.
688 2362 770 2392 Nihil
781 2371 852 2402 ergo
863 2361 878 2390 a
889 2370 1011 2390 munere
1021 2359 1071 2388 suo
1080 2359 1211 2389 alienum
1223 2360 1284 2400 egit
1295 2361 1397 2388 Petrus
1409 2368 1500 2398 quum
1513 2358 1604 2388 telum
1616 2358 1692 2390 sibja
1709 2360 1817 2400 Spiritu
1835 2359 1932 2390 saneto
1942 2360 2053 2393 datum,
2064 2362 2092 2390 in
2105 2372 2183 2392 tem-

450 2421 522 2453 pore
532 2408 655 2440 exeruit.
678 2404 773 2446 de
781 2415 880 2435 autem
892 2402 1028 2434 nonnulli
1037 2402 1127 2432 nimis
1137 2402 1287 2432 crudelem
1297 2400 1379 2431 fuifl'e
1388 2411 1508 2441 poenam
1521 2401 1708 2438 arbitrantur,
1718 2403 1775 2434 hoc
1788 2403 1830 2439 fir,
1841 2405 1908 2445 quia
1918 2403 1973 2438 sua,
1986 2416 2045 2436 non
2055 2406 2112 2436 Dei
2123 2417 2183 2438 tru-

451 2457 513 2487 tina
522 2454 718 2495 ponderantes
727 2453 842 2480 Anamae
852 2456 1017 2489 peccatum,
1026 2456 1079 2486 pro
1088 2445 1149 2475 leui
1157 2446 1268 2476 delicto
1276 2445 1388 2475 habent
1398 2444 1594 2484 grauissimum
1607 2447 1718 2487 crimen
1729 2470 1737 2482 ,
1749 2450 1830 2489 quod
1840 2458 1887 2478 tot
1902 2447 2064 2480 sceleribus
2075 2450 2184 2482 scatere

452 2498 644 2531 ostendimus.
668 2495 795 2535 Alijhoc
812 2491 977 2523 fabulosum
997 2490 1108 2521 ducunt
1123 2507 1132 2522 ‚
1150 2490 1218 2529 quia
1235 2489 1371 2530 quotidie
1387 2488 1531 2528 plurimos
1550 2488 1851 2534 hypocritasimpune
1861 2493 1961 2524 vident
1970 2494 2114 2530 euadere,
2131 2495 2184 2537 qui

451 2547 552 2577 Deum
563 2553 624 2574 nori
635 2537 881 2570 minoriluclibrio
892 2535 1003 2566 habeut
1020 2533 1243 2576 qirafflAnan'ias
1254 2545 1260 2563 :
1272 2532 1333 2562 imb
1343 2532 1410 2575 quia
1429 2532 1479 2574 ipsi
1490 2545 1579 2574 quum
1590 2534 1643 2575 lint
1659 2536 1812 2568 craffiffimi
1822 2538 1879 2567 Dei
1889 2540 2184 2577 contemptores,suae

451 2599 552 2622 tamen
563 2587 724 2627 impietatis
733 2592 856 2624 poenam
867 2591 926 2611 non
937 2579 1030 2610 luunt.
1039 2577 1097 2609 Sed
1107 2576 1358 2619 quemadmodum
1371 2576 1500 2608 visibiles
1512 2579 1598 2609 initib
1608 2581 1713 2621 gratias
1728 2581 1757 2610 in
1766 2580 1922 2612 Ecclefiarn
1934 2580 2009 2616 suam
2021 2584 2101 2613 Deus
2110 2581 2186 2613 effu-

450 2634 543 2669 dit,vt
551 2631 634 2663 certo
641 2629 764 2660 sciamus
775 2626 857 2657 illum
866 2635 969 2656 arcana
975 2623 1100 2665 Spiritus
1106 2620 1262 2653 suislirtute
1271 2621 1356 2652 nobis
1364 2621 1606 2654 adfuturum:imb
1617 2624 1710 2665 palam
1721 2626 1846 2656 externis
1855 2623 1941 2666 fignis
1953 2625 2187 2659 exhibuic‚ouod

453 2687 510 2710 nos
519 2681 597 2710 intus
607 2674 676 2706 fidei
686 2672 889 2714 experimento
903 2668 1054 2700 sentimus:
1068 2668 1107 2698 ita
1116 2666 1223 2697 visibili
1235 2666 1359 2699 duorum
1370 2677 1462 2708 poena
1470 2667 1589 2700 testatus
1598 2669 1739 2711 est,quam
1749 2668 1894 2701 horribile
1902 2668 2070 2712 hypocritas
2080 2657 2186 2704 ornnes

452 2722 599 2755 iudicium
609 2728 739 2753 maneat,
749 2717 796 2759 qui
809 2713 911 2747 derisui
920 2712 1011 2755 ipsum
1023 2716 1054 2745 δε
1065 2710 1220 2742 Ecclesiam
1230 2711 1399 2741 habuerint.

495 2769 518 2798 E
528 2779 545 2798 τ
572 2777 587 2796 i=
602 2777 618 2795 A
634 2775 651 2793 c
663 2775 680 2794 r
691 2774 709 2794 v
718 2773 730 2792 s
757 2774 772 2792 E
789 2774 800 2792 s
812 2773 830 2791 τ
855 2771 872 2790 τ
883 2771 894 2789 x
905 2770 926 2788 rvi
938 2771 955 2788 o
969 2759 1013 2797 rt.)
1037 2760 1102 2787 Hoc
1111 2756 1234 2787 Domini
1243 2754 1394 2786 consilium
1403 2754 1471 2791 fuit,
1480 2756 1567 2787 vnius
1575 2766 1666 2798 poena
1677 2767 1789 2790 metum
1800 2756 1920 2799 reliquis
1935 2757 2070 2790 incutere
2079 2781 2090 2795 ‚
2099 2769 2184 2792 vtre-

455 2810 564 2855 ligiose
572 2810 609 2842 ab
618 2808 701 2839 omni
709 2806 831 2838 fictione
848 2804 1037 2836 abstinerent.
1071 2802 1106 2832 Et
1122 2800 1202 2842 quod
1219 2798 1309 2831 refert
1327 2803 1435 2834 Lucas,
1451 2800 1519 2843 illos
1542 2814 1577 2832 rt
1591 2812 1658 2832 rivi
1673 2813 1708 2833 ss
1719 2815 1736 2834 r.
1748 2824 1757 2838 ‚
1778 2801 1814 2834 ad
1825 2813 1879 2833 nos
1903 2813 2030 2845 quoque,
2045 2805 2186 2844 pertinet,

454 2860 532 2888 Nam
543 2862 714 2888 commume
730 2850 832 2883 seculis
841 2849 983 2880 omnibus
998 2847 1212 2878 documentum
1220 2854 1292 2878 tunc
1303 2844 1391 2875 edere
1408 2845 1503 2876 voluit
1512 2849 1611 2877 Deus:
1622 2855 1654 2878 vt
1671 2858 1738 2878 cum
1749 2857 1785 2877 eo
1795 2845 1913 2887 syncere
1930 2858 2016 2889 agere
2025 2858 2130 2879 omnes
2138 2850 2186 2880 di-

453 2900 544 2933 scant.
580 2898 704 2930 Interim
717 2897 784 2937 pios
791 2894 920 2926 animare
928 2892 1034 2924 debuit
1045 2890 1132 2922 huius
1140 2888 1267 2922 scelerati
1282 2899 1373 2930 poena
1385 2889 1445 2930 qut>
1454 2889 1606 2921 liberalius
1623 2890 1651 2919 in
1665 2892 1811 2934 posterum
1827 2891 1872 2923 sua
1881 2894 1948 2923 Deo
1957 2895 1988 2923 δι
2005 2894 2186 2933 pauperibus

452 2944 673 2976 consecrarent:
683 2942 752 2983 quia
760 2939 902 2982 colligere
911 2945 1056 2981 poterant:
1067 2934 1154 2979 quarn
1163 2932 1293 2978 pretiosae
1302 2931 1392 2966 essent
1400 2937 1468 2966 Deo
1476 2933 1665 2976 eleemosynae
1682 2946 1805 2980 quarum
1814 2935 1980 2979 profanatio
1988 2945 2046 2967 tam
2058 2938 2187 2979 grauiter

451 2988 519 3022 casti
523 2999 589 3032 gata
597 2988 703 3021 fuerat.

496 3090 523 3128 7
571 3076 737 3116 Praeteriit
746 3085 859 3115 autem
870 3075 1001 3114 circiter
1009 3074 1116 3113 trium
1127 3068 1433 3129 horarumspatium
1442 3099 1453 3116 ,
1464 3083 1568 3124 quum
1577 3081 1671 3110 vxor
1678 3071 1749 3108 eius
1756 3067 1904 3122 mfiiens
1912 3068 2001 3124 quid
2000 3069 2034 3121 fia
2038 3071 2128 3110 crum
2136 3069 2188 3124 es-

446 3134 510 3186 Je't‚
522 3131 660 3188 ingrcffa
670 3133 723 3184 est.
1702 3143 1704 3146 ’
1780 3145 1785 3151 «

495 3193 517 3230 8
547 3192 652 3229 Dixit
658 3198 771 3227 autem
781 3188 832 3225 illi
842 3195 969 3234 Petrus,
984 3189 1048 3225 Dic
1056 3186 1155 3230 mihi,
1165 3180 1298 3224 tantine
1307 3197 1423 3238 agrum
1432 3179 1835 3236 vendidistimtespondit
1844 3180 1912 3225 illa,
1918 3178 2016 3232 Certlf
2027 3185 2129 3222 tanti.
2171 3226 2178 3229 ,

491 3260 514 3293 9
560 3253 678 3285 Petrus
686 3255 798 3282 autem
807 3245 857 3281 isli
867 3243 970 3288 dixit,
985 3244 1091 3295 Qid
1099 3242 1161 3281 hoc
1170 3237 1321 3294 effiquhd
1326 3244 1419 3277 inter
1425 3253 1491 3277 vos
1502 3242 1661 3277 conuenit
1670 3238 1720 3277 ad
1726 3238 1928 3276 tentandum
1937 3240 2101 3291 Spiritum
2113 3247 2187 3279 Do-

449 3305 555 3341 mini?
564 3309 644 3340 Ecce
651 3299 754 3355 pedes
763 3313 875 3337 eorum
884 3301 1154 3352 quiskpelierunt
1165 3301 1281 3336 virum
1293 3306 1390 3334 tuum
1397 3294 1446 3333 ad
1453 3298 1668 3349 ianuam,qui
1675 3304 1708 3331 te
1720 3291 1864 3346 ffrent.

486 3371 527 3397 10
572 3357 706 3396 Cecidit
715 3367 831 3401 autem
840 3354 1006 3409 extemplb
1024 3356 1072 3394 ad
1074 3357 1178 3409 pedes
1190 3357 1272 3407 eius?
1299 3351 1339 3398 ἀ·
1346 3355 1529 3406 ,expirauin
1560 3350 1659 3390 Porri]
1674 3353 1812 3389 iuuenes
1830 3350 1965 3404 ingrtssi
1983 3353 2187 3392 inuenerunt

452 3425 524 3450 eam
533 3410 1092 3464 mortuam&'elatamsi’pelierum
1102 3414 1201 3449 iuxta
1210 3407 1439 3460 virumfiaeum.
1468 3456 1472 3459 .

487 3478 502 3506 1
508 3480 523 3506 ι
568 3468 752 3525 ῈαὲῗάῙῳε
765 3469 813 3525 est
819 3469 922 3508 timor
930 3467 1176 3523 magnmfiaper
1183 3463 1475 3518 totamEcclestam,
1487 3462 1629 3519 &fiper
1639 3475 1753 3503 omnes
1763 3462 1822 3515 qui
1832 3461 1898 3502 haec
1907 3462 2100 3503 audierunt.

2043 3529 2061 3554 7
2094 3520 2190 3553 Poetia

649 3577 670 3606 θ’
