2310 3841
369 114 461 164 .30
906 100 991 145 rN
1057 101 1294 146 ACTA
1357 102 1651 147 APOST.

272 2445 405 2477 Luc.14f.2·

273 2767 350 2788 Rom.
359 2768 392 2790 14.

276 2801 330 2821 §.AG-

279 3103 394 3134 Coi.5.a.3.

419 175 520 209 hostes
528 184 626 210 autem
636 174 703 209 suos
712 173 786 208 nihil
797 170 894 208 minus
904 175 994 217 quarn
1003 173 1092 217 Legis
1102 173 1171 206 zelo
1189 174 1305 218 impelli
1315 174 1455 208 ostendit.
1477 175 1663 209 Simulabant
1672 176 1752 210 enim
1765 169 1904 213 nihilsibl
1914 174 1971 208 esse
1979 176 2178 219 propositum}

422 223 511 263 quam
524 223 715 265 Deigloriam
727 232 844 264 augere.
876 219 1257 261 Hancitaquemendacem
1272 220 1440 252 iactantiam
1457 220 1515 251 illis
1525 230 1693 264 extorquet.
1707 223 1861 263 Qoniam
1882 231 1980 254 autem
1993 223 2091 264 patres
2100 225 2176 258 sem.

424 277 476 308 per
487 269 516 297 in
527 278 578 298 ore
588 267 741 298 habebant
751 288 758 302 ,
770 269 800 298 &
810 265 971 308 turgebant
986 266 1085 307 gentis
1101 264 1153 296 suae
1163 265 1257 307 gloria
1266 265 1413 302 ‚ostendit
1424 266 1513 297 etiam
1522 266 1687 309 Stephanus
1697 290 1706 304 ,
1717 269 1787 300 hinc
1801 267 1911 299 nullam
1928 265 1996 309 ipsis
2007 264 2064 298 csse
2074 267 2172 310 super-

424 310 528 341 biendi
540 312 653 342 causam
664 322 670 342 :
681 312 752 352 quin
764 311 863 352 potius
873 320 918 341 tot
927 321 960 341 ac
968 320 1048 342 tanta
1067 307 1150 341 fuiffe
1167 319 1281 352 patrum
1290 311 1362 342 vitia
1373 333 1382 347 ‚
1400 320 1431 342 vt
1448 321 1500 341 eos
1510 311 1698 353 pudefieri&
1717 313 1867 345 humiliari
1881 311 1998 344 doceat.
2019 312 2181 351 Qantum·

421 356 458 386 ad
468 356 644 397 praecipuum
654 355 742 386 causae
753 356 855 386 statum
866 358 898 387 δε
909 354 1059 386 cardinem
1071 355 1178 386 attinet
1190 374 1199 389 ‚
1209 355 1277 396 quia
1289 354 1326 387 de
1335 356 1450 397 templo
1460 357 1492 387 δε
1509 357 1687 390 ceremoniis
1702 358 1847 401 agebatur
1855 379 1866 393 ‚
1874 355 1979 389 diserte
1989 367 2177 389 commemo-

418 409 463 431 rat
473 400 584 431 eiectos
593 399 609 431 a
618 403 686 431 Deo
698 399 780 431 fuisse
789 410 894 431 eorum
905 400 1038 441 patresin
1050 398 1196 440 populum
1207 399 1399 441 peculiarem,
1412 399 1575 443 priusquam
1587 403 1673 434 staret
1689 403 1837 445 templum
1846 405 1878 435 &
1889 411 1973 433 natus
1988 400 2057 434 effer
2068 403 2176 434 Moses.

417 446 517 486 Atque
527 444 585 476 huc
594 444 701 485 speetu
711 445 798 475 altius
810 446 972 485 repetitum
982 443 1151 476 exordium.
1173 444 1324 480 Secundo,
1336 445 1480 478 admonet
1498 456 1635 478 externos
1652 458 1758 479 omnes
1767 449 1840 479 ritus
1851 468 1860 482 ,
1871 456 1948 488 quos
1959 448 2041 478 Deus
2049 457 2100 489 per
2113 459 2176 479 ma-

416 499 489 520 num
503 488 591 519 Mofis
602 489 722 521 tradidit
732 511 741 525 ,
756 489 792 520 ad
803 489 913 521 caeleste
925 486 1167 531 exemplat.fuisse
1176 488 1330 522 formatos.
1366 491 1450 521 Vnde
1463 490 1593 533 sequitur
1605 514 1614 527 ‚
1623 496 1734 535 Legem
1752 490 1983 524 ceremonialem
1994 491 2030 522 ad
2038 493 2128 525 alium
2139 493 2176 524 fi-

416 543 488 564 nem
499 532 610 569 referri,
621 530 767 575 stulteque
780 545 812 565 ac
820 545 973 576 perperam
985 533 1082 566 facere
1100 545 1170 567 eos,
1181 535 1232 576 qui
1255 532 1358 566 omissa
1379 534 1504 569 veritate
1522 538 1551 567 in
1569 535 1658 579 fignis
1673 537 1794 569 haerent.
1816 536 1864 567 Ad
1882 536 1941 567 haec
1953 537 2048 577 capita
2065 536 2084 567 fi
2095 536 2175 569 refe-

415 588 482 610 rent
492 578 633 609 Lectoi-es
645 588 740 610 totam
752 580 894 621 Stephani
905 580 1086 613 orationem,
1098 578 1173 610 nihil
1183 580 1212 610 in
1225 590 1258 610 ea
1268 580 1508 622 reperienrquod
1519 592 1579 612 non
1591 581 1707 623 optime
1716 583 1752 614 ad
1762 580 1874 613 causam
1887 580 2022 622 quadret:
2031 583 2174 622 quemad-

417 624 543 655 modum
555 625 583 653 in
594 622 653 654 fine
665 623 772 654 iterum
782 623 913 655 breuiter
923 634 1067 666 repetam.
1089 626 1207 656 Interea
1218 635 1279 655 non
1289 624 1420 656 obstabit
1429 625 1478 656 ille
1487 625 1580 658 totius
1598 627 1743 658 orationis
1751 625 1854 670 scopus
1865 646 1874 661 ‚
1886 626 1960 668 quin
1970 635 2109 658 excutere
2119 626 2175 659 fin-

418 669 487 711 gula
497 669 528 699 li«
539 679 596 701 eat,
608 678 670 710 quae
680 667 837 700 obseruatu
848 669 936 711 digna
947 679 1044 700 erunt.
1746 667 1751 672 ’

456 725 473 746 2
508 714 547 742 Vr
555 724 586 742 nr
612 724 733 744 FRATRE
743 725 755 742 s
785 725 825 745 er
851 726 866 744 1>
874 726 912 745 Ατ
920 726 958 745 rte
969 726 980 743 s
989 736 996 750 ,
1005 712 1017 752 )
1026 711 1153 747 Tametsi
1165 723 1271 755 magna
1281 723 1315 745 ex
1325 724 1407 756 parte
1416 713 1538 747 videbat
1547 714 1713 756 Stephanus
1722 715 1835 747 iuratos
1843 713 1900 746 esse
1910 715 2062 758 Euangelij
2074 715 2174 748 hostes

424 761 476 799 qui
488 757 518 787 in
528 758 659 788 concilio
669 757 810 790 sedebant
821 781 830 795 ,
842 760 910 801 quia
920 769 1020 790 tamen
1030 757 1126 790 adhuc
1136 769 1228 799 penes
1239 770 1291 792 eos
1301 759 1448 793 ordinaria
1458 770 1520 792 erat
1529 761 1632 802 populi
1644 760 1825 803 gubernatio
1836 781 1845 795 ,
1861 771 1895 791 ac
1913 771 2054 802 praectant
2070 762 2174 794 Eccle-

421 802 466 832 fiae
476 812 562 843 quam
572 805 656 833 Deus
667 802 800 834 nondum
810 805 972 839 abiecerat,
980 804 1051 834 ideo
1061 814 1122 833 non
1133 803 1250 836 dubitat
1260 804 1410 836 modestiae
1427 804 1509 837 causa
1520 816 1573 837 eos
1584 816 1692 837 vocare
1702 808 1813 837 Patres.
1836 808 1901 836 Nec
1915 804 1988 838 verb
2009 806 2176 839 adulatorie

421 844 557 878 fauorem
570 846 622 878 sibi
634 847 788 880 conciliat.-
798 848 846 880 sed
857 849 937 882 hunc
948 850 1096 880 honorem
1106 847 1248 882 ordini&
1257 850 1398 892 regimini
1408 849 1550 881 diuinitus
1559 851 1692 882 instituto
1703 848 1808 884 defert,
1818 850 1918 881 donec
1936 859 2049 881 mutata
2056 853 2176 885 ratione

422 891 468 922 ius
476 891 533 922 illis
544 892 677 924 oblatum
689 891 778 925 foret:
788 895 899 925 interea
908 904 1006 925 tamen
1018 894 1060 925 illi
1072 904 1132 924 non
1143 892 1250 930 obstat,
1261 905 1359 937 neque
1369 905 1404 926 os
1414 895 1541 927 obstruit
1551 896 1623 930 loci,
1633 907 1722 938 quem
1734 905 1893 937 occupant,
1905 894 2073 926 reuerentia
2081 915 2091 930 ,
2102 899 2175 938 quin

421 936 517 968 libere
527 937 564 967 ab
574 937 641 979 ipsis
649 937 792 970 dissideat.
825 940 909 971 Vnde
918 948 1037 982 apparet
1049 939 1137 981 quam
1147 938 1264 970 ridiculi
1272 938 1328 970 fint
1337 940 1519 982 Papistae,qui
1530 939 1618 971 nudis
1632 943 1662 972 &
1675 941 1795 983 quidem
1807 939 1947 971 inanibus
1956 939 2175 974 commentitiis

422 981 518 1014 titulis
527 982 567 1014 ita
577 993 632 1013 nos
645 980 701 1013 effe
711 983 869 1016 deuindffis
877 984 1028 1020 volunr‚vt
1036 983 1202 1026 quamlibet
1211 985 1312 1026 impiis
1320 996 1423 1016 eorum
1435 984 1549 1026 placitis
1559 985 1739 1020 subscribere
1749 996 1901 1027 cogamur.

457 1029 506 1057 De
514 1039 531 1056 v
541 1038 553 1056 s
583 1029 741 1068 eroum.)
764 1032 830 1060 Hoc
838 1029 961 1060 exordio
970 1028 1089 1060 testatur
1098 1027 1125 1059 se
1135 1028 1152 1059 a
1163 1030 1300 1061 Patribus
1310 1029 1457 1072 religione
1468 1041 1548 1066 vera,
1559 1032 1590 1062 δε
1601 1041 1686 1073 quam
1697 1031 1811 1072 sequuti
1821 1029 1897 1065 sunt,
1910 1029 2034 1062 minime
2044 1029 2176 1063 discede-

422 1081 464 1103 re.
485 1074 564 1103 Tota
576 1073 656 1104 enirn
679 1073 806 1114 religio,
824 1073 921 1105 cultus
937 1074 996 1104 Dei
1017 1095 1027 1108 ,
1045 1073 1179 1104 doctrina
1198 1076 1287 1117 Legis
1300 1075 1488 1116 ‚prophetiae
1505 1085 1631 1111 omnes,
1643 1086 1677 1106 ex
1687 1074 1806 1108 foedere
1820 1075 1872 1105 illo
1889 1075 2177 1118 pendebant‚quod

421 1117 508 1148 Deus
516 1126 582 1147 cum
595 1118 746 1149 Abraham
755 1118 919 1161 pepigerat.
939 1120 1018 1160 Ergo
1029 1118 1206 1159 Stephanus,
1216 1120 1286 1151 dum
1298 1118 1404 1151 fatetur
1421 1122 1518 1151 Deum
1531 1118 1620 1151 visum
1631 1119 1716 1151 fuisse
1728 1119 1852 1151 Abrahae
1861 1139 1870 1153 ,
1880 1122 1989 1162 Legem
2001 1121 2175 1162 &Prophe-

420 1161 671 1202 tas-amplectitur,
681 1172 743 1203 quae
754 1172 787 1193 ex
797 1163 947 1204 primailla
956 1163 1153 1199 reuelatione,
1162 1173 1302 1206 tanquam
1317 1175 1350 1194 ex
1362 1163 1460 1199 fonte,
1470 1173 1599 1195 manant.
1622 1165 1696 1196 ideo
1707 1166 1797 1197 etiarn
1816 1175 1909 1196 vnvm
1930 1177 2058 1198 croam
2072 1166 2175 1208 appel·

418 1205 472 1241 lat,
483 1216 512 1237 vt
522 1206 536 1236 a
546 1204 621 1238 falsis
631 1209 662 1239 δε
672 1206 785 1238 fictitiis
795 1208 858 1239 deis
867 1219 934 1240 eum
945 1207 1100 1243 discernat,
1110 1209 1159 1250 qui
1172 1208 1248 1240 solus
1259 1209 1353 1251 gloria
1364 1209 1470 1251 dignus
1481 1209 1530 1239 est.

456 1251 515 1288 Qv
529 1263 544 1282 v
560 1263 579 1281 M
606 1263 622 1281 ε
639 1262 651 1280 s
672 1262 684 1280 s
701 1263 718 1282 ε
731 1264 748 1283 r
769 1264 780 1283 x
796 1265 814 1283 u
844 1264 863 1283 M
878 1265 894 1284 ε
914 1265 926 1284 s
941 1267 960 1284 o
973 1266 987 1284 ρ
999 1265 1017 1283 ο
1028 1266 1045 1284 τ
1062 1266 1077 1284 Α
1093 1265 1114 1283 m
1126 1265 1135 1283 1
1149 1258 1199 1295 A.)
1226 1255 1274 1284 Sic
1287 1255 1441 1295 regionem
1453 1253 1552 1285 vocari
1565 1263 1669 1290 notum
1679 1253 1736 1287 est,
1748 1263 1810 1294 quae
1821 1253 1897 1284 inter
1908 1252 1983 1284 duos
1995 1253 2103 1284 fluuios
2113 1256 2174 1296 Ty-

420 1295 496 1337 grim
506 1293 537 1327 ‘&
549 1296 726 1337 Euphratem
736 1297 832 1328 media
841 1298 890 1329 est.
913 1300 994 1329 Dicit
1013 1308 1112 1330 autem
1130 1320 1140 1333 ‚
1161 1310 1176 1328 r·
1189 1311 1206 1328 κ
1219 1310 1229 1329 r
1242 1311 1258 1330 v
1271 1309 1283 1328 s
1295 1309 1347 1334 qv
1360 1311 1375 1328 A
1391 1310 1411 1328 Μ
1440 1309 1458 1328 ir
1477 1311 1491 1328 A
1507 1310 1521 1328 B
1534 1310 1544 1328 1
1555 1310 1572 1328 τ
1587 1311 1602 1328 a
1615 1311 1633 1329 a
1645 1310 1661 1329 E
1676 1310 1692 1329 -r
1716 1299 1744 1329 in
1757 1300 1889 1329 Charran
1901 1298 1986 1340 :quia
1994 1298 2175 1331 oracuload-

419 1340 554 1371 monitus
565 1341 728 1378 Abraham,
737 1342 907 1374 Charras-ex
917 1342 1053 1374 Chaldaea
1064 1343 1214 1385 migrauit,
1224 1342 1304 1384 quod
1314 1343 1460 1384 oppidum
1477 1344 1700 1384 Mesopotamiae
1711 1343 1760 1376 est,
1771 1342 1862 1374 Crassi
1881 1346 1912 1375 δε
1922 1344 2049 1374 Romani
2062 1345 2176 1375 exerci-

420 1395 468 1416 tus
487 1384 568 1417 clade
586 1384 727 1418 famosum
738 1399 744 1417 ε
756 1398 924 1430 quanquam
933 1387 1047 1420 Plinius
1063 1388 1178 1418 Arabiae
1190 1387 1281 1429 ipsum
1299 1389 1445 1419 attribuit.
1467 1392 1531 1419 Nec
1543 1389 1648 1419 mirum
1668 1388 1708 1419 est
1721 1387 1772 1420 sub
1793 1398 2036 1419 mesopotamia
2050 1390 2174 1420 nomine

419 1430 589 1462 chaldaeam
598 1427 649 1462 hic
660 1431 893 1472 comprehendi:
905 1432 1094 1475 quiavrametfi
1105 1432 1224 1474 proprie
1232 1434 1315 1475 regio
1324 1433 1373 1464 illa
1383 1454 1392 1468 ‚
1403 1444 1464 1476 quae
1474 1433 1621 1474 Euphrate
1633 1436 1663 1465 δι
1673 1436 1772 1476 Tygre
1781 1433 1925 1475 cingitur,
1935 1433 2109 1465 interamnis
2120 1434 2174 1469 est,

418 1474 539 1515 Affyriae
548 1485 647 1507 tamen
657 1479 688 1508 &
698 1476 838 1509 Chaldaeae
847 1478 1018 1520 Geographi
1028 1478 1229 1509 communiter
1241 1489 1352 1509 nomen
1363 1479 1420 1509 hoc
1436 1480 1606 1520 imponunt.
1630 1480 1750 1510 Summa
1760 1477 1800 1509 est
1810 1499 1819 1513 ,
1837 1478 1921 1519 qubd
1930 1478 2079 1509 Abraham
2091 1489 2175 1510 certo

417 1521 478 1551 Dei
490 1520 631 1552 mandato
641 1522 762 1563 patriam
771 1522 926 1564 reliquerit
935 1534 943 1552 ε
952 1533 1042 1565 atque
1053 1524 1092 1554 ita
1103 1522 1264 1565 preuentus
1275 1521 1364 1554 fuerit
1382 1534 1462 1554 mera
1482 1523 1539 1554 Dei
1549 1523 1688 1554 b‘onitate
1697 1543 1706 1557 ,
1718 1523 1838 1565 quando
1848 1521 1980 1565 quaesiuit
1991 1523 2072 1565 quod
2088 1523 2175 1554 domi

416 1563 497 1595 vltro
507 1564 642 1597 oblatum
655 1566 704 1598 est.
728 1566 804 1598 Vide
813 1567 950 1599 vltimum
964 1578 1051 1608 caput
1060 1567 1154 1598 Iosue.
1165 1568 1263 1608 ‚Atqui
1276 1567 1395 1598 videtur
1405 1566 1493 1597 Mosts
1514 1568 1642 1599 narratio
1650 1568 1688 1598 ab
1707 1568 1761 1599 hac
1772 1567 1911 1612 nonnihil
1921 1565 2094 1609 discrepare.
2103 1577 2174 1599 nam

416 1619 510 1650 quum
521 1609 558 1642 ad
568 1609 659 1642 finem
670 1610 774 1652 capitis
783 1611 933 1643 vndecimi
943 1610 1090 1648 natasset,
1100 1611 1248 1643 Abraham
1259 1611 1358 1642 relicta
1370 1612 1464 1642 domo
1475 1610 1568 1643 solum
1579 1612 1708 1647 veri-isse,
1718 1611 1837 1643 subiicit
1846 1611 1934 1643 initio
1945 1611 2118 1644 duodecimi
2128 1623 2176 1644 ca-

417 1654 489 1694 pitis
499 1675 508 1689 ,
519 1657 617 1686 Deum
627 1655 751 1686 Abrahae
761 1653 844 1687 fuisse
852 1655 1000 1687 locutum.
1022 1656 1140 1687 Solutio
1150 1653 1246 1687 facilis
1257 1655 1306 1687 est:
1317 1659 1422 1698 Neque
1433 1656 1511 1688 enim
1522 1656 1579 1687 hoc
1588 1657 1751 1697 posteriore
1770 1655 1841 1686 loco
1851 1666 2069 1689 commemorat
2080 1657 2176 1689 Moses

419 1698 491 1739 quid
501 1699 565 1739 post
575 1698 701 1730 Abrahae
710 1698 862 1732 discessum
872 1701 1052 1744 contigerit:
1064 1700 1112 1732 sed
1123 1712 1159 1731 ne
1170 1700 1236 1742 quis
1246 1710 1362 1742 putaret
1371 1701 1521 1732 Abraham
1532 1701 1644 1732 temere
1655 1701 1756 1732 relista
1776 1697 1870 1731 d‘o'mo
1879 1701 1909 1730 in
1920 1701 2024 1732 alienis
2034 1702 2119 1733 terris
2129 1713 2176 1734 er-

419 1739 504 1776 rasse,
515 1741 770 1785 quemadmodum
781 1743 864 1775 leues
874 1748 904 1777 Sc
915 1744 1123 1776 inconsiderati
1140 1745 1279 1774 homines
1294 1744 1442 1776 interdum
1454 1744 1547 1776 solent
1558 1766 1567 1780 ‚
1577 1744 1689 1776 causam
1700 1742 1834 1776 discessus
1843 1743 1941 1775 reddit
1952 1765 1961 1779 ,
1971 1745 2052 1787 qubd
2062 1744 2176 1779 scilicet

422 1784 513 1826 iussus
525 1788 541 1818 ὲ
550 1790 619 1818 Deo
630 1786 700 1819 esset
714 1788 773 1819 alib
785 1790 922 1830 migrare.
946 1792 1047 1830 Atque
1057 1789 1116 1819 hoc
1126 1787 1229 1819 sonant
1238 1788 1348 1819 oraculi
1359 1789 1458 1820 verba.
1468 1799 1534 1819 nam
1544 1788 1562 1819 si
1573 1790 1736 1830 inquilinus
1745 1786 1838 1820 fuiffer
1847 1788 1877 1818 in
1887 1787 1942 1819 alia
1951 1799 2037 1824 terra,
2048 1801 2107 1822 non
2119 1802 2177 1833 po-

424 1840 499 1862 terat
509 1832 550 1862 illi
561 1834 642 1863 Deus
651 1833 808 1873 praecipere
817 1843 847 1863 vt
859 1833 876 1863 ὲ
886 1833 972 1864 natali
983 1832 1046 1863 solo
1056 1835 1212 1874 migraret,
1225 1833 1336 1863 relictis
1345 1834 1481 1876 cognatis
1491 1836 1522 1865 &
1539 1844 1660 1874 paterna
1670 1833 1774 1865 domo.
1795 1832 1938 1864 Videmus
1949 1844 2022 1876 ergo
2033 1846 2099 1868 cum
2111 1847 2177 1868 ver·

424 1876 471 1906 bis
480 1875 567 1906 Mosis
576 1876 692 1917 optime
701 1886 866 1918 congruere
874 1877 954 1908 hunc
964 1877 1074 1909 locum.
1106 1877 1265 1918 Postquam
1276 1878 1356 1908 enim
1368 1879 1472 1910 retulit
1480 1877 1577 1910 Moses
1584 1878 1734 1910 Abraham
1744 1878 1872 1910 Charras
1882 1877 2050 1920 profestum
2063 1879 2130 1916 esse,
2142 1891 2175 1914 vt

420 1919 477 1951 iter
487 1920 545 1951 hoc
560 1930 621 1951 non
631 1920 760 1952 humana
769 1922 903 1957 leuitate,
914 1921 962 1954 sed
972 1922 1030 1954 Dei
1039 1921 1111 1955 iussu
1120 1920 1203 1954 fuisse
1212 1921 1375 1965 susceptum
1386 1922 1521 1956 ostendat
1531 1943 1540 1959 ‚
1551 1923 1632 1967 quod
1643 1925 1711 1957 anre
1725 1922 1946 1967 praetermiserat
1956 1924 2055 1967 postea
2065 1925 2175 1960 inserit:

421 1975 480 2007 que
489 1965 632 2006 loquendi
643 1966 719 1997 ratio
731 1967 862 1998 Hebraeis
870 1968 938 1999 trita
949 1967 1000 1999 est.
1555 1983 1559 1986 “
1649 1982 1653 1983 ’

448 2022 462 2049 3
495 2011 517 2040 E
530 2024 546 2041 x
556 2022 565 2040 1
578 2024 581 2025 ⁷
593 2021 610 2041 ε
635 2023 653 2041 τ
667 2023 684 2042 a
700 2022 718 2040 R
732 2023 750 2042 κ
766 2024 781 2042 Α
807 2024 825 2042 r
840 2024 855 2042 v
869 2010 908 2051 A.)
931 2011 1022 2051 Qasi
1034 2023 1095 2044 non
1103 2011 1170 2044 satis
1179 2022 1231 2055 per
1240 2011 1268 2042 se
1279 2012 1422 2044 acerbum
1435 2010 1505 2046 effer
1515 2015 1609 2056 patria
1620 2015 1846 2051 exulare‚Deus
1855 2014 2018 2047 verborum
2030 2016 2174 2060 congerie

417 2054 599 2096 Vtitui-,qub
610 2057 703 2097 magis
713 2056 837 2088 Abrahae
853 2059 984 2089 animum
1003 2058 1149 2090 vulneret.
1174 2057 1268 2100 quue
1277 2058 1370 2090 valuit
1386 2058 1422 2090 ad
1440 2059 1624 2100 probandam
1644 2062 1707 2092 eius
1725 2060 1814 2091 fidem
1828 2060 2174 2102 :quemadmodum&i-

417 2100 482 2131 stud
491 2100 713 2142 alterum,qubd
721 2104 805 2133 Deus
815 2102 925 2134 nullam
935 2103 976 2133 illi
986 2112 1093 2134 terram
1104 2102 1237 2145 designat
1248 2103 1276 2133 in
1287 2114 1342 2145 qua
1353 2103 1479 2140 habitet,
1488 2102 1534 2135 sed
1546 2114 1627 2136 tenet
1637 2105 1806 2148 aliquandiu
1817 2103 1979 2146 suspensum
1989 2116 2022 2136 ac
2033 2106 2172 2137 dubium.

418 2145 493 2184 Qo
504 2146 747 2187 magislaudanda
758 2146 813 2178 fuit
824 2147 943 2179 Abrahae
953 2148 1139 2182 obedientia,
1148 2149 1217 2190 quia
1227 2159 1282 2179 nec
1291 2147 1419 2180 dulcedo
1428 2148 1529 2180 natalis
1537 2147 1587 2180 soli
1599 2160 1666 2181 eum
1677 2149 1797 2181 retinet>
1808 2159 1869 2190 quo
1883 2149 1979 2180 minus
1987 2151 2091 2190 sponte
2100 2161 2173 2192 qua-

421 2189 441 2220 si
452 2201 480 2221 in
492 2191 610 2221 exilium
622 2191 785 2222 concedat:
797 2195 827 2224 &
837 2195 936 2225 Deum
947 2192 1026 2235 sequi
1037 2204 1097 2224 non
1110 2193 1232 2225 dubitet
1243 2216 1251 2228 ,
1263 2192 1374 2225 etiamsi
1395 2193 1473 2224 nulla
1490 2204 1612 2236 apparet
1632 2204 1709 2226 certa
1719 2194 1803 2226 statio
1813 2213 1822 2227 2
1832 2193 1880 2224 sed
1891 2194 1989 2236 vagari
2000 2194 2036 2225 ad
2054 2204 2173 2237 tempus

423 2234 556 2266 iubetur.
593 2235 689 2274 de
700 2236 741 2266 illi
751 2235 971 2269 differturterrat
982 2238 1206 2272 demonstratio,
1216 2249 1277 2270 non
1289 2237 1414 2269 multdm
1426 2238 1441 2269 a
1451 2236 1637 2271 frustratione
1650 2238 1760 2271 differt.
1779 2238 1885 2274 Porro,
1895 2239 1983 2280 quam
1994 2240 2067 2271 vtile
2078 2241 2172 2272 Abra-

423 2277 469 2308 hae
477 2277 566 2310 fuerit
579 2280 873 2313 talibufrudirnentis
885 2283 992 2319 imbui,
1004 2284 1140 2324 quotidie
1150 2283 1250 2314 nostro
1259 2282 1307 2314 vsu
1319 2282 1467 2315 discimus.
1489 2284 1577 2315 Multi
1595 2285 1674 2320 enim
1682 2285 1745 2326 >vpio
1762 2281 1864 2314 affectu
1886 2284 1922 2314 ad
1933 2294 1977 2314 res
1989 2295 2110 2327 magnas
2120 2295 2171 2328 ag-

424 2323 602 2364 grediendas
612 2322 755 2355 feruntur:
763 2324 810 2356 sed
822 2337 891 2357 mox
901 2328 950 2358 vbi
961 2328 1047 2358 ardor
1057 2327 1221 2364 deferbuit,
1231 2328 1343 2368 consilij
1354 2327 1392 2359 sui
1404 2339 1455 2358 eos
1467 2329 1608 2368 poenitet,
1619 2340 1651 2360 ac
1661 2330 1790 2360 libenter
1798 2329 1910 2359 cursum
1921 2327 2171 2361 reflecterent&-

424 2378 466 2410 go
476 2378 512 2398 ne
523 2368 684 2404 Abraham,
693 2380 796 2401 eorum
807 2381 869 2411 quae
876 2372 1035 2412 reliquerat
1047 2373 1189 2403 memoria
1200 2393 1208 2407 ,
1220 2373 1248 2402 in
1262 2373 1363 2403 medio
1372 2372 1452 2404 cursu
1464 2371 1627 2404 fathisceret
1637 2396 1645 2409 ‚
1655 2374 1784 2406 animum
1797 2373 1860 2403 eius
1870 2373 1963 2403 statim
1975 2373 2012 2404 ab
2024 2375 2111 2406 initio
2119 2385 2172 2416 pe-

423 2412 504 2444 nitus
513 2413 623 2444 excutit
634 2416 728 2448 Deus,
738 2425 775 2445 ne
786 2416 976 2455 quidleuiter
987 2418 1018 2446 &
1030 2415 1192 2447 inconsulte
1200 2414 1344 2456 suscipiat.
1367 2420 1435 2446 Huc
1448 2418 1577 2455 pertinet
1587 2419 1724 2458 parabola
1743 2429 1829 2461 quam
1850 2416 1984 2448 Christus
2003 2419 2092 2450 nobis
2101 2431 2172 2461 pro-

420 2459 509 2499 ponit
521 2458 558 2488 de
567 2458 728 2489 extruenda
738 2460 817 2489 turri.
842 2461 983 2500 Sumptus
992 2460 1071 2490 enim
1083 2461 1162 2500 prius
1171 2460 1369 2500 supputandos
1378 2457 1433 2490 effe
1444 2461 1544 2496 docet,
1555 2472 1592 2492 ne
1602 2462 1777 2494 inchoatum
1786 2462 1941 2494 edificium
1953 2464 2078 2504 turpiter
2090 2464 2172 2496 dese-

419 2513 484 2533 rere
493 2513 643 2544 cogamur.
667 2502 723 2533 Etsi
735 2513 833 2534 autem
844 2505 940 2535 hocin
951 2504 1102 2534 Abraham
1111 2503 1165 2534 fuit
1174 2503 1329 2545 singulare,
1340 2504 1422 2545 qubd
1434 2502 1520 2535 iussus
1531 2506 1568 2536 est
1581 2506 1694 2548 &patria
1707 2509 1852 2550 egredi‚&
1862 2507 2005 2548 proficisci
2020 2509 2047 2539 in
2061 2519 2170 2541 terram

420 2547 626 2589 longinquam:
636 2547 718 2589 qubd
730 2549 813 2579 Deus
824 2548 882 2579 huc
891 2548 960 2580 illuc
970 2559 1038 2580 eum
1048 2548 1245 2583 circuuduxit,
1255 2548 1293 2579 est
1302 2558 1402 2579 tamen
1414 2550 1442 2579 in
1456 2550 1500 2580 his
1512 2551 1610 2581 verbis
1619 2552 1724 2594 aliquis
1736 2552 1835 2584 nostrat
1845 2552 1982 2583 omnium
2002 2555 2170 2591 vocationis

423 2603 519 2633 typus.
546 2595 613 2623 Non
625 2594 762 2624 iubemur
771 2591 941 2634 simplicitet
950 2604 1058 2624 omnes
1067 2593 1231 2634 relinquere
1243 2593 1375 2634 patriam,
1385 2593 1433 2625 sed
1443 2594 1581 2626 iubemur
1590 2607 1645 2627 nos
1654 2599 1803 2638 abnegare
1813 2608 1819 2625 z
1829 2606 1890 2625 non
1901 2596 2042 2628 iubemur
2050 2608 2170 2637 paterna

426 2637 521 2668 domo
530 2636 644 2678 egredi,
654 2635 699 2668 sed
709 2637 831 2678 propriae
839 2638 1031 2670 voluntati&
1041 2639 1134 2670 carnis
1142 2638 1241 2668 nostrae
1252 2637 1400 2669 desideriis
1410 2638 1585 2671 valedicere.
1609 2641 1725 2672 Deinde
1744 2640 1762 2671 fi
1779 2639 1867 2671 nobis
1886 2639 2004 2671 obstant
2022 2652 2058 2672 ne
2068 2644 2169 2674 Deum

427 2680 591 2723 sequamur,
603 2692 685 2723 pater
698 2685 728 2714 &
739 2693 922 2718 mater‚vxor
933 2685 964 2715 δε
975 2683 1075 2719 liberi,
1085 2682 1227 2714 omnibus
1244 2683 1473 2715 renuntiandum
1486 2684 1535 2716 est.
1557 2685 1680 2717 Abrahae
1689 2685 1810 2728 simplex
1828 2684 1974 2726 migrandi
1993 2684 2078 2717 datur
2087 2698 2170 2718 man-

428 2726 541 2760 datum:
553 2725 600 2757 sed
611 2727 700 2758 nobis
711 2725 762 2758 sub
772 2728 947 2760 conditione
958 2728 1037 2759 idem
1047 2728 1221 2770 praecipitur.
1243 2730 1319 2758 Nam
1331 2727 1421 2759 sicubi
1431 2739 1490 2760 non
1501 2730 1587 2761 liceat
1596 2729 1701 2762 seruire
1711 2734 1779 2761 Deo
1789 2752 1798 2766 ,
1809 2729 1982 2771 eligendum
2000 2731 2101 2772 potius
2110 2733 2170 2763 exi-

427 2771 514 2806 lium,
524 2771 612 2812 quam
623 2782 654 2803 vt
665 2771 743 2814 pigri
755 2774 787 2804 δε
801 2771 952 2806 desidesin
965 2773 1037 2804 nido
1047 2782 1224 2804 maneamus.
1246 2775 1336 2815 Ergo,
1347 2772 1380 2804 fit
1391 2774 1478 2804 nobis
1490 2773 1611 2806 Abrahae
1621 2775 1789 2816 exemplum
1799 2773 1912 2814 semper
1921 2784 1988 2805 ante
1999 2776 2170 2808 neurospa-

429 2826 475 2847 ter
485 2816 525 2847 est
534 2815 678 2851 fidelium,
689 2826 820 2848 tentatus
830 2817 929 2849 modis
936 2819 1089 2850 omnibus:
1101 2820 1196 2859 patriae
1206 2818 1446 2854 tamemsuorurn,
1455 2816 1554 2861 suique
1565 2819 1762 2856 obliuiscitur,
1772 2831 1801 2852 vr
1811 2818 1838 2851 se
1849 2828 1945 2851 totum
1961 2821 2029 2851 Deo
2039 2820 2169 2853 addicat.

432 2865 497 2892 Nos
507 2860 525 2890 si
536 2861 593 2892 Dei
605 2861 657 2906 filij
669 2862 780 2893 censeri
791 2863 980 2897 volumus‚ab
991 2864 1043 2894 illo
1054 2864 1214 2905 degeneres
1225 2860 1280 2893 esse
1290 2873 1350 2893 non
1361 2873 1492 2904 oportet.
1752 2899 1754 2901 ,

486 2909 586 2946 Qasr
610 2907 874 2948 mousrnaveao.)
897 2908 1069 2939 Notandum
1080 2907 1120 2939 est
1128 2905 1209 2949 quod
1219 2907 1299 2948 prius
1316 2907 1399 2948 attigi
1411 2907 1590 2950 ,suspensum
1609 2908 1703 2941 teneri
1722 2908 1891 2943 Abraham,
1904 2917 1935 2940 vr
1943 2906 2086 2950 probetur
2104 2909 2169 2941 eius

432 2950 584 2989 patientia.
608 2956 707 2992 Atque
718 2952 746 2982 id
755 2962 876 2994 quoque
885 2952 914 2983 in
927 2951 1006 2985 vsum
1020 2954 1151 2984 nostrum
1166 2949 1314 2983 transferte
1325 2952 1411 2984 decet
1421 2974 1430 2987 ‚
1441 2963 1474 2984 vt
1483 2953 1625 2987 discamus
1634 2954 1688 2985 toti
1701 2952 1716 2983 ὲ
1728 2954 1822 2985 verbo
1833 2955 1890 2985 Dei
1901 2950 2037 2993 pendere.
2060 2956 2095 2985 Et
2104 2953 2170 2987 sane

430 2992 490 3024 hoc
500 2996 678 3037 praecipuum
687 2996 754 3027 fidei
767 2997 938 3028 exercitium
950 2998 991 3029 est
1000 3020 1009 3034 ,
1018 2997 1170 3029 confidere
1178 2996 1245 3028 Deo
1254 3017 1263 3032 ‚
1273 2996 1361 3027 etiam
1370 2997 1421 3028 vbi
1434 2998 1507 3074 nilLil
1519 3001 1678 3031 cernimus.
1698 2999 1846 3031 Ostendet
1857 2995 1978 3039 quidem
1999 2996 2067 3038 saepe
2079 2999 2169 3030 nobis

430 3039 627 3071 Deusterram
636 3040 666 3070 in
677 3052 734 3082 qua
743 3041 928 3073 domicilium
940 3042 1030 3074 nobis
1038 3039 1357 3074 concedit:sedtamen
1374 3042 1441 3083 quia
1457 3054 1475 3084 p
1498 3045 1606 3087 tegrini
1619 3044 1716 3076 sumus
1733 3043 1763 3075 in
1774 3043 1886 3076 mundo
1895 3063 1904 3076 2
1914 3040 2052 3083 nusquam
2065 3043 2119 3074 fixa
2129 3045 2170 3076 est

429 3093 574 3124 perpetua
583 3083 674 3115 sedes.
697 3086 817 3117 Deinde
827 3087 886 3119 vita
896 3087 1002 3123 nostra,
1014 3098 1046 3119 vt
1057 3087 1154 3129 inquit
1162 3085 1282 3121 Paulus,
1291 3085 1464 3118 abscondita
1474 3088 1514 3119 est
1527 3099 1533 3119 :
1545 3092 1577 3120 δε
1588 3089 1694 3120 similes
1703 3089 1828 3119 mortuis
1848 3084 1995 3127 speramus
2008 3087 2127 3120 salutem
2138 3089 2170 3120 in

431 3127 514 3158 coelo
522 3128 732 3161 absconditam.
754 3133 845 3174 Ergo,
856 3141 998 3173 quantum
1011 3132 1046 3164 ad
1056 3137 1227 3173 perpetuam
1238 3130 1452 3162 habitationem
1463 3131 1584 3172 spectat,
1594 3132 1698 3165 Deusa
1709 3133 1785 3170 nuda
1797 3131 1842 3162 sua
1851 3131 2043 3170 promiffione
2061 3144 2116 3164 nos
2124 3131 2170 3164 su-

429 3170 557 3213 spendit,
566 3173 685 3214 quando
693 3177 873 3217 peregrinari
882 3176 977 3208 iubet.
988 3188 1025 3207 ne
1034 3174 1291 3209 eiusmodidilatio
1300 3175 1416 3206 animos
1429 3177 1542 3208 nostros
1553 3177 1666 3221 frangat
1677 3200 1684 3214 ‚
1695 3176 1823 3208 tenenda
1834 3175 1874 3207 est
1890 3176 2034 3219 generalis
2043 3176 2112 3210 fidei
2121 3188 2167 3210 re-

429 3217 693 3259 gula:pergendum
705 3218 760 3249 esse
772 3220 832 3261 qub
842 3223 924 3252 Deus
934 3232 1022 3253 vocat
1030 3232 1181 3264 vrcunque
1191 3219 1323 3251 nondum
1334 3220 1466 3252 ostendat
1477 3223 1556 3263 quod
1567 3221 1723 3264 promittit.

469 3274 488 3298 4
522 3266 548 3292 T
559 3272 577 3292 v
594 3274 610 3293 u
626 3273 643 3292 c
672 3273 688 3292 e
705 3274 725 3293 o
738 3274 755 3292 a
770 3276 784 3294 c
802 3277 812 3293 s
830 3276 841 3293 s
859 3277 875 3294 v
891 3270 937 3303 s.)
962 3266 1017 3296 His
1027 3267 1125 3300 verbis
1136 3264 1269 3298 laudatur
1279 3265 1346 3296 fidei
1355 3267 1573 3306 promptitudO.
1607 3270 1736 3298 Vocatus
1746 3262 1825 3294 enim
1838 3275 1897 3295 non
1909 3265 2108 3307 procrastinat,
2120 3265 2170 3298 sed

432 3315 530 3336 moras
540 3316 646 3337 omnes
660 3306 960 3350 rumpir,affectr‘iique
971 3321 1077 3341 omnes
1085 3311 1150 3342 suos
1159 3310 1278 3352 subigit,
1288 3319 1319 3341 vt
1330 3309 1436 3340 cedant
1448 3311 1575 3352 imperio
1586 3313 1652 3343 Dei.
1675 3313 1744 3349 QJa
1753 3318 1852 3340 autem
1862 3311 1900 3341 de
1911 3309 1992 3341 causa
2010 3310 2171 3344 substiterit.

432 3350 563 3385 Charris,
572 3360 717 3382 incertum
729 3351 781 3387 est,
793 3350 855 3382 fieri
865 3363 964 3384 tamen
974 3354 1069 3395 potest
1078 3376 1086 3389 ‚
1096 3367 1128 3387 vt
1139 3365 1252 3388 moram
1264 3354 1441 3386 illiattulerit
1450 3356 1538 3396 patris
1555 3356 1692 3387 debilitas
1704 3375 1712 3386 ‚
1730 3363 1818 3394 quem
1838 3355 1897 3385 illic
1907 3354 1996 3396 paulb
2014 3355 2077 3395 pbst
2089 3366 2169 3386 mor·

432 3402 516 3424 tuum
535 3394 590 3427 effe
608 3395 809 3437 legimuszvel
827 3406 885 3427 non
907 3398 989 3429 ausus
999 3397 1089 3431 fuerit
1108 3402 1183 3432 vltra
1200 3400 1335 3441 progredi
1347 3399 1465 3435 ,donec
1483 3400 1657 3441 patefactum
1668 3396 1976 3431 effetiteraDomino.
1993 3400 2065 3430 Mihi
2076 3400 2171 3442 magis

432 3438 589 3484 probabile
600 3440 650 3475 est,
661 3440 824 3472 lassitudine
833 3452 865 3472 ac
877 3443 985 3472 morbo
996 3445 1085 3483 patris
1095 3443 1246 3478 suiffeillic
1255 3444 1397 3487 paulisper
1406 3454 1567 3482 retentum,
1579 3445 1645 3488 quia
1656 3443 1833 3476 nominatim
1846 3444 1982 3487 exprimit
1994 3443 2170 3486 Stephanus,

431 3479 515 3513 ‘ruine
524 3484 587 3524 post
598 3494 726 3517 mortem
735 3486 825 3530 patris
833 3485 972 3519 edustum
982 3485 1045 3519 effe.

538 3550 550 3566 0
1984 3544 2001 3582 5
2045 3537 2090 3570 Et
2100 3546 2172 3572 nota

2259 0 2310 210 i
