2310 3841
969 216 1046 260 m
1089 188 1613 260 EvAuGELWM

1252 280 1355 315 oculis
1364 280 1540 327 aspeximus
1551 303 1561 318 ,
1570 278 1770 316 beatitudine
1783 280 1838 316 ista
1852 277 1988 315 fruimur
2000 291 2096 328 quam

1253 328 1400 363 Christus
1411 332 1628 364 commendat.
1645 330 1744 364 Vnde
1755 330 1906 377 sequitur,
1917 328 2028 363 beatos
2040 342 2100 363 vo—

391 239 415 263 0

246 289 328 335 Cap.
357 236 458 328 1²:³⁵ss
467 287 572 324 credat
581 299 645 335 que
654 284 723 320 sunt
734 280 919 318 abscondita
929 279 968 335 ab
978 281 1121 315 humano
1133 280 1200 315 sen-

246 339 318 372 XX,
359 337 448 372 sii-Et
458 338 545 372 certe⁷
556 337 616 370 hoc
628 334 765 369 dandum
777 331 821 365 est
839 331 978 364 honoris
991 332 1067 364 Deo
1077 351 1087 367 ‚
1097 339 1131 364 vt
1140 342 1202 364 no-

359 384 410 419 bis
420 385 582 423 αύῢσιςος
592 382 628 416 sit
638 383 705 416 eius
714 381 840 414 veritas.
852 379 962 413 Habet
973 377 1105 424 quidem
1114 376 1203 411 suurn

360 433 520 479 aspectum
532 432 611 466 tides
622 452 631 468 ,
642 429 691 464 sed
702 430 755 476 qui
768 429 800 460 in
811 427 934 461 mundo
946 430 978 460 δε
998 426 1133 460 terrenis
1142 425 1206 459 ob—

364 483 455 515 iectis
466 480 602 514 minime
613 477 756 512 subfii‘nt.
768 487 828 521 qua
837 475 963 508 ratione
973 474 1088 508 dicitur
1099 485 1207 507 rerum

364 528 572 562 inuifibiliurn
582 528 633 560 vel
645 538 710 559 non
730 523 950 570 apparentium
962 521 1207 556 demonstratio.

216 580 334 603 “HM-¹¹³·
367 577 480 611 Paulus
496 587 602 610 autem
623 587 691 608 eam
703 572 838 618 aspcGtui
860 582 1032 616 opponens
1052 568 1209 616 significat

215 615 329 644 '‘⁶⁰''5'7’
366 637 433 658 non
452 624 612 659 haererein
632 620 862 656 considerando
880 617 1078 665 praesentium
1102 629 1210 652 rerum

342 702 348 705 r
366 672 520 710 statu‚nec
530 670 756 715 circumspicere
767 670 805 702 ad
816 680 851 701 ea
859 679 927 714 quae
938 668 972 701 in
983 665 1106 700 mundo
1117 678 1212 712 appa-

368 720 505 755 rent:sed
517 721 556 753 ab
566 731 622 753 ore
635 719 700 753 Dei
709 717 895 763 pendere,&
907 713 1008 749 verbo
1021 716 1086 749 Dei
1096 713 1210 765 fretam

366 767 510 814 superare
519 779 624 801 totum
643 766 796 800 mundum
807 787 817 803 ‚
832 775 866 797 vt
884 763 967 798 suam
988 763 1161 797 anchoram
1177 762 1210 795 in

367 818 444 850 caelo
456 817 544 863 figat.
570 819 698 850 Summa
709 812 836 851 est,non
845 810 906 846 effe
915 812 1034 846 rechin
1044 811 1143 846 fidem
1152 810 1211 844 nisi

370 877 438 911 quae
449 865 483 898 in
496 863 596 898 verbo
614 862 677 896 Dei
689 859 817 895 fundata
829 883 838 899 ,
858 861 896 896 ad
905 859 1066 895 inuifibile
1085 859 1150 894 Dei
1160 871 1210 893 re-

371 926 470 960 gnum
482 910 693 956 consurgit,vt
707 909 848 955 superior
858 908 894 943 sit
905 908 1143 942 o'nmihumana
1153 920 1209 953 ap—

220 961 360 987 ·M“¹¹'¹³·‘⁵*
370 959 628 1007 prehenlionc.Si
640 960 711 1005 quis
722 958 855 992 obiiciat
865 957 944 991 hanc
953 955 1074 992 Christi
1084 956 1210 990 seuten-

372 1009 449 1043 tiam
460 1021 533 1043 cum
544 1010 640 1041 altera
651 1018 789 1053 pugnare
799 1028 809 1044 ,
828 1006 882 1041 vbi
893 1007 1081 1052 pronuntiat
1097 1004 1209 1038 beatos

371 1056 432 1091 effe
444 1058 554 1091 oculos
564 1058 618 1104 qui
629 1053 730 1101 ipsum
740 1054 922 1100 praesentem
933 1052 1209 1098 cernunttrespon-

372 1107 518 1144 de0,non
530 1107 571 1140 de
583 1104 745 1148 corporali
766 1113 889 1137 tantuin
902 1101 1025 1147 aspe&u
1044 1100 1211 1135 Christum

370 1154 436 1190 illic
446 1154 559 1202 loqui,
576 1164 609 1186 vt
624 1151 774 1186 hocloco
790 1165 797 1184 :
815 1150 866 1185 sed
877 1151 915 1185 de
935 1150 1131 1184 reuelatione
1144 1161 1211 1194 quae

365 1204 427 1248 piis
438 1202 594 1237 omnibus
603 1199 788 1234 communis
802 1200 845 1234 est
856 1223 865 1238 ‚
886 1212 923 1232 ex
938 1211 1003 1245 quo
1015 1194 1078 1242 ipse
1090 1197 1211 1230 mundo

369 1251 569 1296 Redemptor
581 1249 733 1295 apparuit.
752 1247 930 1293 Apostolos
941 1259 1012 1280 cum
1024 1245 1133 1278 sanetis
1144 1245 1211 1278 Re-

369 1300 466 1346 gibus
478 1304 507 1333 &
522 1297 692 1344 Prophetis
703 1296 935 1341 comparat‚qui
946 1294 1000 1327 sub
1012 1292 1154 1328 obscuris
1164 1295 1210 1327 Le

371 1348 419 1394 gis
429 1347 578 1384 Mosaicae
590 1345 711 1379 vmbris
721 1345 841 1378 detenti
852 1341 1088 1377 fuerantNunc
1097 1343 1210 1386 potio-

368 1409 437 1430 rem
449 1396 594 1430 fidelium
606 1392 723 1427 sortem
736 1391 795 1426 esse
807 1393 905 1429 dicit,
923 1391 996 1437 quia
1015 1390 1141 1435 plenior
1158 1391 1210 1423 lux

368 1444 434 1478 illis
443 1443 672 1486 affulgeatzimb
685 1441 757 1488 quia
768 1440 906 1474 exhibita
918 1440 952 1473 sit
963 1439 1026 1472 illis
1036 1437 1210 1484 figurarum

365 1483 537 1527 substanti]
549 1497 578 1526 ἃ
589 1491 718 1524 vetitas.
733 1489 898 1523 Christum
909 1498 983 1522 tunc
995 1486 1098 1520 oculis
1110 1486 1210 1520 carnis

365 1541 540 1575 cernebant
553 1538 645 1574 multi
656 1538 757 1583 impij,
770 1538 824 1585 qui
835 1539 917 1570 tame
929 1536 1032 1570 nihilo
1044 1546 1212 1579 propterea

366 1588 526 1624 beatiores
538 1599 698 1622 erantznos
707 1588 784 1620 vero
796 1585 851 1633 qui
867 1583 1029 1619 Christum
1050 1595 1211 1629 nunquam

1256 378 1318 412 cari
1329 378 1444 411 oculos
1452 378 1506 424 qui
1518 375 1717 424 spiritualiter
1728 382 1814 425 quod
1828 382 1858 411 in
1871 389 1911 410 eo
1922 379 2042 412 eaeleste
2054 376 2100 412 est

1255 438 1290 460 ac
1303 425 1450 459 diuinum
1461 426 1671 460 considerant.
1709 430 1795 461 Nam
1814 426 1911 460 hodie
1922 437 1989 459 non
2011 425 2098 461 secus

1256 474 1419 507 intuemur
1429 473 1561 508 Christr'r
1572 486 1603 506 in
1614 474 1794 522 Euangelio
1808 473 1867 508 acsi
1878 473 2053 520 presentem
2066 473 2097 508 se

1256 522 1354 556 nobis
1363 521 1490 566 sisteret.
1507 525 1584 560 Quo
1596 520 1682 554 sensu
1692 523 1771 556 dicit
1786 525 1900 556 Paulus
1911 522 1948 556 ad
1958 523 2099 558 Galatas,

1258 569 1414 618 Crucifigi
1424 570 1498 605 &im
1507 581 1580 603 ante
1589 571 1701 603 oculos
1713 570 1964 617 nostrosQre
1977 569 1996 603 ti
2009 571 2099 616 cupi-

1259 618 1369 653 musin
1379 619 1511 654 christo
1529 618 1639 651 videre
1650 617 1739 663 quod
1757 631 1817 651 nos
1835 616 1960 651 foelrces
1979 632 2013 653 ac
2023 618 2100 652 bea-

1259 677 1311 701 tos
1321 668 1432 702 reddat
1445 691 1455 706 ‚
1465 664 1620 701 discamus
1627 666 1756 699 credere
1768 678 1835 698 non
1845 666 1999 700 videndo.
2041 666 2102 700 His

1260 715 1381 750 Christi
1391 715 1496 750 verbis
1507 712 1676 759 respondet
1687 715 1775 760 quod
1788 713 1920 747 habetur
1933 718 2034 748 i.Pet.
2047 717 2104 750 1.8.

1259 764 1314 797 vbi
1323 764 1466 798 laudatur
1479 763 1590 797 fideles
1603 762 1656 808 qui
1668 760 1834 796 Christum
1844 762 1996 810 diligunt,
2006 775 2104 809 quem

1260 824 1328 846 non
1340 812 1486 846 viderunt
1510 824 1518 844 ε
1545 815 1576 845 δι
1599 811 1738 844 exultant
1756 811 1875 856 gaudio
1886 810 2103 849 inenarrabili,

1261 860 1395 907 quanuis
1405 872 1477 894 eum
1487 871 1553 893 non
1565 856 1724 904 aspiciant.
1748 859 1846 904 de
1862 869 1965 893 autem
1976 859 2104 905 Papistae

1260 907 1324 942 haec
1340 908 1436 942 verba
1450 917 1604 954 torquent
1619 909 1658 941 ad
1678 905 1762 940 suam
1785 906 2104 941 tranffubstantiatio-

1260 969 1336 990 nem
1346 954 1721 1002 probanda1n‚plusquam
1734 954 1883 990 friuolum
1896 954 1950 989 est:
1961 957 2006 989 Vt
2017 954 2104 989 beati

1261 1003 1497 1043 limus‚credere
1506 1016 1566 1037 nos
1576 1004 1688 1037 iubent
1707 1003 1871 1037 Christum
1885 1002 1945 1038 ess'e
1955 1004 1987 1036 in
1999 1001 2102 1048 specie

1261 1053 1361 1097 panis.
1372 1054 1422 1087 sed
1433 1052 1514 1085 nihil
1533 1049 1734 1086 minusfuiss'e
1751 1051 1883 1086 Christo
1902 1051 2103 1098 propositum

1261 1099 1376 1134 scimus
1386 1101 1481 1147 quam
1493 1111 1525 1133 vt
1537 1100 1634 1134 fidem
1644 1098 1811 1134 subiiceret
1823 1098 1958 1134 hominu
1966 1114 1994 1133 m
2009 1113 2103 1134 corn-

1261 1150 1459 1195 mentistquae
1470 1148 1491 1182 si
1502 1148 1673 1181 minimum
1685 1147 1835 1182 transiliat
1845 1149 1923 1182 vltra
1931 1147 2036 1183 Verbi
2049 1160 2101 1182 me

1261 1196 1437 1235 tas,des1nit
1450 1197 1513 1230 iam
1529 1194 1586 1230 effe
1596 1195 1718 1230 fidessi
1730 1197 1856 1229 credere
1866 1195 2044 1242 promiscue
2059 1209 2099 1229 o·

1261 1255 1369 1290 portet
1379 1257 1446 1291 quae
1456 1257 1521 1277 non
1535 1244 1694 1282 videntur,
1705 1245 1858 1290 quicquid
1873 1244 2099 1291 prodigiorum

1260 1292 1384 1340 fingere
1393 1293 1583 1326 hominibus
1594 1292 1913 1338 placuerit,quicquid
1923 1292 2098 1326 fabularum

1260 1339 1500 1379 effutire,fidem
1512 1340 1649 1374 nostram
1661 1340 1793 1374 habebit
1802 1339 2000 1373 obstrieiam.
2011 1341 2102 1386 Ergo

1260 1400 1293 1422 vt
1302 1389 1410 1423 locum
1421 1388 1534 1421 habeat
1544 1387 1607 1423 haec
1625 1387 1746 1422 Christi
1757 1387 1908 1421 sententia
1917 1410 1928 1426 ‚
1943 1388 1976 1420 in
1987 1388 2101 1434 primis

1259 1436 1460 1483 probandum
1479 1436 1522 1470 est
1534 1449 1570 1471 ex
1591 1436 1691 1470 verbo
1702 1436 1767 1470 Dei
1784 1436 1814 1469 id
1825 1436 1864 1469 de
1883 1448 1948 1482 quo
1959 1436 2101 1482 ambigi-

1260 1485 1472 1519 tur.Verbum
1484 1485 1613 1531 quidem
1625 1497 1684 1530 pro
1701 1482 1748 1517 sua
1758 1483 2102 1518 transsubstantiatione

1260 1532 1414 1572 afferunt,
1430 1532 1578 1579 sed'quod
1589 1532 1691 1579 probe
1709 1531 1884 1578 expositum
1895 1531 1975 1567 nihil
1986 1545 2102 1567 eorum

1261 1582 1378 1616 delirio
1394 1579 1588 1628 suffragatur.

405 1721 446 1757 30
477 1704 614 1745 ‘radulhi
626 1703 765 1757 quidem
777 1706 880 1741 etiam
890 1701 958 1741 alia
960 1700 1057 1756 figna
1057 1700 1145 1754 fhct't
1154 1700 1236 1753 lefiu
1246 1715 1351 1740 coram
1363 1697 1607 1753 distipulisfin's‚
1618 1713 1688 1754 quae
1696 1713 1766 1738 non
1773 1698 1856 1753 fimt
1864 1696 1989 1753 scripta
2000 1699 2036 1736 in
2047 1695 2094 1735 li-

367 1761 424 1799 bro
438 1761 508 1800 hoc.

412 1830 442 1867 3¹
476 1823 553 1856 ΗΑ
563 1814 764 1870 atttefffiripta
775 1814 858 1866 fimt
866 1825 908 1853 vt
919 1814 1059 1853 credam
1073 1811 1167 1867 qubd
1173 1813 1256 1866 lesus
1270 1810 1312 1863 cst
1321 1810 1476 1850 christus
1486 1811 1594 1850 Filius
1606 1814 1686 1849 Dei:
1699 1810 1738 1855 dy
1750 1819 1795 1847 vt
1804 1810 1977 1848 credentes
1986 1810 2102 1847 vitam

369 1872 515 1913 habeam
525 1876 562 1911 in
573 1875 710 1911 nomine
721 1871 828 1926 zpfius.

406 2017 443 2050 30
468 2005 575 2039 Multa
590 2001 715 2048 quidem
727 2000 813 2040 misr
823 2000 927 2035 addita
936 1996 1036 2033 fuisset
1048 1996 1102 2031 ista
1114 2010 1213 2033 occu-

367 2055 454 2100 patio
466 2075 475 2090 ‚
485 2049 638 2098 putaffent
647 2051 786 2084 rectores
794 2051 917 2083 nullum
928 2061 965 2082 ex
976 2047 1136 2082 miraculis
1147 2059 1213 2093 quae

369 2100 516 2136 Christus
528 2099 646 2145 edidit,
664 2099 680 2132 Ξι
695 2096 838 2132 lohinne
849 2095 936 2131 fuisse
947 2092 1108 2134 omissum,
1119 2093 1213 2141 se'que

365 2150 420 2185 hic
431 2151 557 2196 plenam
590 2147 708 2181 habere
727 2146 927 2193 &integram
944 2144 1092 2178 omnium
1112 2142 1212 2178 histo-

370 2199 463 2232 riam.
499 2195 644 2230 Primum
656 2208 734 2242 ergo
755 2195 884 2229 testatur
897 2193 1058 2228 Iohannes
1070 2193 1211 2238 quaedam

371 2246 497 2280 tantum
510 2257 546 2278 ex
557 2244 664 2277 multis
673 2242 702 2277 sc
713 2242 876 2288 scripsisse:
892 2255 958 2276 non
979 2241 1066 2288 quod
1077 2241 1136 2274 alia
1148 2253 1212 2275 rne-

371 2304 497 2327 moratu
508 2293 640 2337 indigna
648 2290 764 2324 fuerint
774 2304 782 2323 t
793 2290 843 2325 sed
855 2292 928 2338 quia
937 2290 1001 2324 haec
1012 2290 1050 2323 ad
1061 2288 1159 2323 fidem
1174 2301 1210 2322 ae-

369 2340 561 2376 dificandam
573 2339 641 2372 satis
652 2349 752 2372 erant.
777 2341 895 2386 Neque
906 2349 1012 2372 tamen
1022 2338 1098 2371 inde
1109 2337 1211 2384 sequi·
1227 2349 1229 2351 ’

370 2400 420 2423 tur
431 2388 540 2422 frustra
551 2385 638 2422 fuiffe
649 2387 751 2420 edita:
772 2386 844 2433 quia
857 2387 901 2419 illi
913 2385 1017 2420 seculo
1029 2384 1210 2428 proderant.

370 2439 502 2472 Deinde
512 2433 632 2470 etiarnsi
649 2434 747 2468 hodic
765 2434 860 2467 nobis
879 2435 997 2480 ignotae
1021 2432 1078 2464 sint
1097 2444 1208 2465 eorum

368 2485 487 2532 species
499 2508 507 2523 ,
520 2496 579 2531 pro
591 2482 695 2516 nihilo
707 2493 813 2516 tamen
828 2481 965 2515 minime
974 2479 1154 2513 ducendum
1166 2479 1209 2512 est

367 2533 458 2581 quod
467 2544 612 2567 tenemus
625 2531 750 2578 ingenti
769 2529 997 2564 miraculorum
1015 2526 1107 2572 copia
1124 2525 1210 2559 obfi-

370 2593 503 2629 gnatum
516 2579 603 2614 fuisse
613 2578 835 2626 Euangelium.

413 2643 441 2673 3¹
463 2626 882 2676 Haecaueemlcmptafimt.)
900 2623 963 2660 His
972 2623 1078 2658 verbis
1088 2620 1209 2668 signifi-

368 2690 417 2712 cat
434 2701 444 2716 ‚
469 2677 591 2723 scriptis
611 2675 640 2709 se
650 2672 805 2709 mandasse
825 2673 912 2720 quod
930 2672 1027 2707 nobis
1038 2670 1209 2705 satisfacere

367 2726 585 2772 deberet:quia
596 2723 722 2758 abunde
733 2720 864 2756 sufficiat
875 2722 912 2756 ad
924 2720 999 2755 fidei
1011 2719 1119 2765 nostre
1129 2730 1208 2770 con-

367 2773 597 2809 firmationem.
648 2775 745 2805 Vanae
757 2771 842 2805 enirn
854 2769 1026 2803 hominurn
1038 2765 1209 2802 curiositati

368 2834 536 2857 occurrere
546 2819 670 2858 voluit,
691 2817 969 2867 quaeinexplebilis
980 2816 1024 2852 est
1035 2839 1045 2855 ‚
1064 2819 1094 2851 &
1110 2814 1209 2848 nimis

368 2870 500 2903 licenter
514 2869 570 2903 sibi
583 2869 735 2915 indulget.
772 2867 877 2900 Porro
891 2865 1072 2901 Iohannem
1086 2875 1152 2897 non
1162 2863 1207 2896 la-

367 2916 455 2950 tebat
477 2919 553 2964 quid
576 2917 628 2961 aiij
659 2917 754 2950 etiam
780 2913 990 2962 Euangelistae
1014 2910 1207 2958 scripsissent,

368 2966 481 3009 Qum
490 2976 594 2999 autem
613 2965 693 2998 nihil
707 2969 811 2998 minus
830 2964 878 2996 illi
897 2961 999 2997 fuiffet
1010 2958 1207 3007 propositum

368 3023 464 3058 quam
484 3013 612 3046 abolere
623 3025 734 3046 eorum
752 3011 863 3057 scripta
887 3033 898 3049 ‚
925 3009 1206 3057 proculdubio'eo-

368 3068 439 3093 nim
452 3061 665 3094 narrationem
687 3058 759 3092 asua
775 3072 841 3092 non
853 3059 982 3105 separat.
1010 3057 1148 3092 Videtur
1162 3066 1207 3089 ta-

370 3120 445 3141 men
457 3106 623 3142 absurdum
642 3106 701 3140 ess‘e
718 3107 816 3140 fidem
836 3107 868 3140 in
891 3105 1053 3142 miraculis
1071 3103 1205 3142 fundari,

369 3168 464 3201 quam
477 3156 540 3189 Dei
550 3153 817 3201 promissionibus
827 3159 857 3189 &
869 3156 970 3190 verbo
980 3154 1106 3200 penitus
1119 3151 1208 3187 addi-

369 3205 452 3237 &am
463 3203 523 3238 effe
540 3208 676 3248 oportet.
726 3201 939 3247 Responde0‚
960 3216 1026 3237 non
1046 3202 1143 3236 alium
1156 3199 1206 3235 hic

370 3250 456 3285 vsum
474 3253 539 3286 dari
560 3249 721 3285 miraculis
738 3249 831 3295 quam
860 3262 894 3284 vt
911 3251 986 3285 fidei
1013 3249 1207 3285 adminicula

368 3298 427 3332 sint
438 3312 472 3334 ac
483 3298 613 3335 fulturae.
655 3298 771 3333 Valent
780 3293 865 3330 enini
876 3298 913 3331 ad
923 3299 1136 3345 praeparandas
1145 3296 1207 3330 ho-

368 3346 491 3380 minum
507 3358 630 3382 mentes
655 3369 666 3384 ‚
692 3358 756 3392 quo
775 3344 843 3389 plus
861 3346 1043 3380 reuerentiae
1062 3345 1206 3380 deferant

367 3393 467 3425 ve'rbo
479 3397 553 3429 Dei.
590 3395 714 3430 Scimus
724 3391 810 3426 enim
820 3393 913 3439 quam
926 3391 1038 3439 frigida
1050 3393 1084 3426 fit
1099 3398 1130 3428 &
1142 3404 1206 3426 tar-

369 3438 408 3470 da
418 3441 518 3474 nostra
529 3443 674 3481 attentio,
686 3439 741 3475 nisi
755 3439 881 3473 aliunde
889 3439 1095 3489 stimulemur.
1136 3441 1204 3474 De-

368 3484 443 3519 inde
471 3500 535 3521 non
556 3501 663 3533 parum
688 3488 888 3523 authoritatis
914 3488 1034 3522 accedit
1068 3499 1204 3532 receptae

368 3532 430 3566 iam
447 3533 595 3570 doctrinae
606 3559 615 3575 ,
626 3550 724 3584 quum
738 3538 804 3571 eius
814 3533 976 3570 fulciendae
988 3533 1072 3571 causa
1083 3546 1198 3580 poten-

1262 2007 1329 2030 tem
1345 2011 1473 2032 manum
1485 1997 1570 2033 suam
1580 1997 1597 2032 ὲ
1608 1998 1684 2032 caelo
1695 1999 1810 2033 exerit:
1828 1997 2099 2046 quemadmodum

1263 2045 1341 2080 dicit
1349 2048 1478 2081 Marcus
1487 2045 1628 2082 docuisse
1641 2047 1838 2093 Apostolos,
1850 2047 2001 2082 Domino
2019 2059 2098 2082 coo—
2112 2064 2253 2088 Mandane

1261 2105 1392 2139 perante
1403 2118 1412 2133 ,
1424 2099 1455 2130 δι
1466 2093 1647 2129 sermonem
1666 2095 1878 2129 confirmante
1895 2094 2101 2143 sequentibus

1262 2141 1370 2190 lignis.
1407 2144 1495 2190 Ergo
1514 2145 1648 2190 quanuis
1665 2144 1793 2188 proprie
1816 2143 1897 2178 fides
1916 2144 1950 2177 in
1969 2143 2102 2178 verbum

1260 2191 1326 2224 Dei
1336 2193 1500 2226 recumbat
1511 2214 1519 2230 ‚
1531 2195 1562 2226 &
1574 2191 1611 2225 ad
1622 2191 1755 2226 verbum
1774 2191 1916 2238 respuciat
1926 2214 1936 2230 ,
1952 2202 2104 2238 tanquam

1261 2242 1298 2273 ad
1310 2240 1441 2274 vnicum
1458 2239 1546 2274 suum
1566 2239 1697 2286 scopum
1723 2253 1731 2273 ι
1757 2252 1825 2274 non
1843 2251 1948 2273 tamen
1959 2252 2037 2274 vana
2055 2238 2101 2273 est

1259 2287 1394 2322 accessio
1405 2300 1441 2322 ex
1451 2289 1630 2327 miraculis,
1647 2288 1750 2323 modo
1760 2286 1823 2334 ipsa
1840 2300 1971 2336 quoque
1979 2287 2018 2321 ad
2027 2299 2102 2322 ver-

1260 2333 1337 2370 bum
1348 2334 1522 2371 referantur
1533 2359 1540 2373 ‚
1550 2335 1654 2384 edque
1664 2336 1762 2371 fidem
1773 2337 1924 2383 dirigant.
1960 2337 2029 2370 Cur
2038 2336 2103 2370 mi-

1259 2385 1362 2418 racula
1373 2396 1528 2420 vocentur
1539 2383 1636 2434 signa,
1647 2385 1723 2419 alibi
1733 2385 2002 2429 diximusznempe
2011 2383 2103 2431 quod

1259 2430 1322 2464 illis
1331 2433 1499 2466 Dominus
1519 2434 1557 2466 ad
1577 2432 1834 2468 considerandam
1847 2432 1931 2466 suam
1950 2432 2102 2466 virtutem

1259 2479 1372 2512 excitat
1389 2501 1399 2517 ‚
1423 2480 1499 2513 dum
1510 2481 1631 2523 aliquid
1645 2493 1766 2515 nouum
1779 2479 1984 2516 &insolitum
1995 2479 2102 2514 osten-

1258 2526 1316 2559 dit.
1340 2524 1438 2572 de
1448 2528 1523 2569 Iesus
1535 2529 1580 2561 eff
1595 2527 1743 2571 Christus.
1771 2528 1937 2564 Christum
1949 2527 2103 2575 intelligit

1257 2573 1359 2619 qualis
1381 2575 1414 2606 in
1431 2576 1520 2620 Lege
1540 2579 1570 2608 &
1599 2575 1770 2620 Prophetis
1793 2575 1893 2612 fuerat
1921 2574 2101 2623 promissus,

1259 2632 1373 2666 nempe
1384 2622 1547 2656 Mediator
1556 2622 1621 2656 Dei
1639 2627 1670 2657 &
1683 2622 1854 2660 hominum
1865 2647 1875 2663 ,
1893 2624 2033 2657 summus
2041 2626 2102 2656 Pa-

1257 2668 1454 2716 trislegatu8‚
1472 2670 1582 2704 vnicus
1592 2672 1702 2705 mundi
1721 2671 1910 2706 instaurator
1920 2693 1930 2709 ‚
1941 2675 1973 2706 δε
1984 2670 2100 2704 author

1256 2716 1402 2761 perfectae
1411 2715 1594 2753 foelicitatis.
1620 2720 1738 2765 Neque
1749 2720 1836 2754 enim
1856 2719 1975 2753 nudum
1987 2722 2018 2753 &
2029 2718 2100 2753 ina—

1257 2776 1331 2799 nem
1349 2766 1478 2800 titulum
1492 2766 1622 2813 arripuit
1640 2767 1802 2811 Iohannes
1820 2780 1885 2813 quo
1895 2767 2012 2802 Filium
2031 2766 2100 2803 Dei

1257 2825 1385 2847 ornaret
1400 2828 1410 2846 .·
1430 2813 1480 2848 sed
1491 2813 1730 2860 complexus'est
1747 2815 1804 2850 sub
1823 2814 1946 2852 Christi
1964 2815 2101 2849 nomine

1256 2873 1449 2908 quaecunque
1459 2862 1505 2896 illi
1516 2861 1623 2897 officia
1632 2863 1800 2911 Prophetae
1806 2864 1981 2912 assignant.
2016 2863 2097 2897 Ideo

1256 2909 1501 2945 confiderandus
1519 2910 1564 2945 est
1580 2910 1677 2946 nobis
1697 2913 1799 2959 qualis
1815 2913 1882 2947 illic
1901 2909 2096 2946 describitur.

1256 2960 1335 3004 Qo
1354 2958 1559 3004 meliuspatet
1576 2961 1666 3007 quod
1687 2972 1787 3006 nuper
1798 2961 1920 2995 dietum
1940 2956 2000 2993 fuit
2015 2980 2026 2997 ,
2044 2957 2097 2991 Fi-

1256 3005 1373 3039 demin
1393 3006 1552 3042 miraculis
1562 3020 1629 3041 non
1648 3008 1767 3043 haerere
1784 3032 1795 3048 ‚
1817 3009 1868 3044 sed
1885 3007 1968 3042 ῐεᾶἒ
1981 3006 2098 3040 deduci

1255 3054 1292 3088 ad
1309 3053 1466 3088 Verbum.
1502 3055 1638 3090 Perinde
1657 3056 1702 3090 est
1721 3057 1807 3092 enim
1818 3069 1853 3091 ac
1869 3055 1891 3090 si
1907 3053 2027 3089 dixisset
2045 3056 2097 3088 Io-

1255 3101 1394 3140 hannes,
1405 3102 1564 3138 miraculis
1575 3104 1820 3151 comprobatum
1839 3103 1897 3138 effe
1916 3104 2003 3148 quod
2013 3103 2096 3136 olim

1256 3149 1422 3195 Prophetae
1442 3150 1542 3186 verbo
1555 3153 1739 3188 docuerant.
1761 3154 1802 3186 Et
1813 3150 1882 3186 sane
1891 3150 2036 3185 videmus
2047 3153 2094 3187 E-

1255 3197 1444 3245 uangelistas
1458 3198 1539 3245 ipsos
1560 3213 1628 3234 non
1652 3199 1835 3246 simpliciter
1849 3196 1989 3233 insistere
2010 3202 2093 3236 reci..

1255 3246 1358 3281 randis
1369 3247 1543 3286 miraculis,
1555 3247 1605 3282 sed
1619 3247 1719 3295 magis
1729 3248 1760 3281 in
1771 3245 1915 3281 doctrina
1929 3250 2090 3294 occupari:

1255 3294 1328 3341 quia
1343 3305 1399 3340 per
1418 3292 1448 3328 se
1463 3295 1611 3329 miracula
1628 3295 1708 3330 nihil
1735 3294 1790 3329 nisi
1810 3293 1970 3330 confusam
1990 3296 2093 3331 admi-

1254 3342 1412 3376 rationem
1422 3353 1578 3388 parerent.
1616 3347 1722 3389 Qare
1734 3341 1834 3378 sensus
1851 3343 2024 3378 verborum
2036 3345 2092 3384 est,

1254 3390 1363 3437 scripta
1374 3389 1439 3424 haec
1450 3390 1510 3424 effe
1524 3401 1556 3425 vt
1567 3392 1730 3426 credamus
1741 3414 1750 3429 ‚
1759 3403 1914 3438 quatenus
1926 3391 2023 3439 {ignis
2033 3395 2091 3428 ad-

1253 3439 1352 3473 iuuari
1363 3436 1465 3486 potest
1474 3437 1780 3477 fides.Addit,F1lius
1792 3440 1941 3484 Dei.·quia
1952 3453 1987 3474 ex
1998 3453 2090 3474 com-

1253 3487 1342 3522 muni
1353 3485 1524 3520 hominum
1542 3488 1657 3521 ordine
1675 3500 1772 3521 nemo
1783 3499 1924 3533 repertus
1936 3485 2036 3522 fuifl'et
2051 3487 2089 3523 ad

1250 3547 1299 3571 res
1308 3545 1409 3570 tantas
1417 3535 1610 3582 peragendas
1620 3536 1757 3571 idoneus
1768 3557 1778 3574 ‚
1788 3547 1903 3582 nempe
1913 3537 1950 3570 ad
1964 3539 2087 3616 Patr-bem
2125 3555 2128 3558 ·

1975 3595 2018 3616 no
2045 3595 2071 3616 ts

2110 511 2223 540 Galama.
