2310 3841
374 137 445 190 130

897 123 991 171 IN
1038 115 1637 172 EVANGELIVM

387 212 536 249 stolatum
546 207 633 243 suum
644 217 680 240 ex
688 201 787 251 gratia
796 198 922 237 deducit
932 221 943 239 ‚
967 199 1126 244 Rom.1.5.
1135 197 1215 231 item
1264 197 1308 232 Et
1317 190 1399 232 certe
1413 193 1617 231 excellentius
1634 189 1702 227 Dei
1718 190 1762 228 est
1772 203 1853 239 opus
1861 190 2007 227 Ecclesiae
2018 204 2103 228 crea-

394 356 485 391 ntiles
495 376 504 392 ‚
524 352 578 398 qui
588 350 734 384 omnium
749 343 989 392 praestantisfimi
997 345 1164 381 videntur,
1183 353 1225 376 ne

394 404 532 440 minimae
542 398 673 446 quidem
683 393 845 431 vocationi
855 403 944 438 pares
961 402 1065 431 erunt,
1074 391 1179 425 donec
1189 402 1223 424 e-

394 451 468 485 lec'ii
477 447 731 482 fuerint.lnterea
742 456 807 490 quo
815 442 947 489 quisque
956 442 994 475 ad
1004 441 1151 475 altiorem
1163 439 1226 476 ho-

394 498 483 533 noris
497 496 628 543 gradum
640 492 765 527 eueRus
782 489 847 531 est,
875 489 1061 526 meminerit
1076 487 1105 522 se
1124 487 1225 533 magis

394 546 545 582 Domino
564 541 622 576 esse
635 542 829 576 deuintfitum.
856 542 881 573 C
883 539 998 582 anstieui
1006 549 1072 571 vos.
1096 536 1226 570 Electio

394 594 518 628 occulta
527 590 571 625 cst
580 591 724 624 doncere
742 587 805 635 ipsa
821 587 969 634 patefiat,
994 597 1094 632 quum
1111 595 1227 618 munus

394 640 522 676 homini
540 638 715 684 iniungitur
733 637 784 672 cui
795 635 965 671 destinatus
974 631 1052 670 fuit:
1071 633 1227 679 quemad-

394 689 529 725 modum
540 688 708 725 Paulus,eo
717 698 813 732 quem
827 697 926 732 nuper
936 683 1030 718 citaui
1039 683 1127 719 loco,
1138 679 1228 727 post-

394 749 489 784 quam
498 735 605 770 retulit
616 735 645 770 se
653 735 692 769 ab
702 745 793 768 vtero
804 733 914 768 matris
922 730 1009 766 fuisse
1019 728 1228 777 segregatum,

393 785 502 832 postea
512 784 638 818 subiicit
655 782 847 829 Apostolum
858 781 887 816 se
906 790 1045 815 creatum
1059 777 1119 823 else
1130 788 1228 824 quum

394 834 439 867 ita
448 831 547 867 visum
559 832 602 867 est
612 835 697 866 Deo.
722 832 772 865 Sic
784 836 814 866 δι
826 830 991 864 Dominus
999 826 1126 862 testatur
1142 831 1228 860 lete-

394 881 492 917 miam
504 880 618 926 1.5.sibi
629 890 743 914 notum
753 876 841 913 fuifl'e
850 889 1018 924 antequam
1029 872 1104 909 esset
1113 874 1145 908 in
1157 883 1237 916 νει--

393 942 432 965 ro
446 932 556 963 matris
567 956 575 969 ‚
591 941 686 977 quem
696 938 802 962 tamen
821 928 860 961 ad
874 938 988 962 munus
997 922 1226 970 Propheticum

394 977 450 1012 suo
463 978 593 1012 demum
603 988 750 1022 tempore
760 986 866 1010 vocat.
892 973 974 1009 Fieri
990 983 1097 1006 tamen
1108 970 1228 1018 poterit

394 1038 429 1061 vr
439 1028 510 1073 quis
521 1026 580 1060 rite
597 1024 751 1060 formatus
762 1024 800 1058 ad
812 1023 950 1058 docendi
969 1033 1082 1055 munus
1093 1019 1228 1053 accedat:

395 1075 466 1110 imo
477 1075 579 1109 hocin
589 1071 726 1108 Ecclesia
736 1071 933 1106 ordinarium
949 1068 994 1104 est
1003 1080 1043 1101 ne
1052 1068 1122 1115 quis
1131 1078 1228 1101 voce-

395 1134 447 1158 tur
457 1122 514 1157 nisi
527 1123 581 1169 qui
591 1123 653 1156 iam
666 1131 865 1166 comparatus
876 1117 919 1152 est
934 1129 969 1151 ac
987 1116 1156 1150 instructus
1173 1126 1231 1147 ne-

394 1171 529 1206 eess'ariis
539 1169 788 1211 dotibus.Qod
796 1166 941 1202 Christus
949 1165 978 1199 se
988 1163 1147 1210 vti-iusque
1157 1158 1232 1196 facit

395 1219 564 1254 authorem
576 1242 585 1258 ‚
597 1218 676 1253 nihil
686 1217 802 1250 mirum
812 1229 820 1248 ε
832 1212 1092 1260 quandoquidem
1104 1209 1230 1244 nonnisi

396 1280 453 1314 per
463 1267 562 1314 ipsum
572 1267 637 1314 agit
648 1269 783 1302 Patm&
799 1262 863 1308 ipse
872 1274 944 1296 cum
955 1265 1047 1295 Patre
1058 1259 1131 1307 agit.
1141 1258 1231 1304 Ergo

397 1315 558 1350 ambobus
575 1313 756 1348 communis
773 1310 817 1346 est
833 1322 896 1345 tam
908 1310 1024 1344 eleetio
1035 1311 1130 1355 quam
1144 1307 1233 1340 ordi-

397 1364 545 1398 natio.Vt
553 1364 638 1396 ean's.
648 1363 746 1396 Nunc
757 1359 897 1394 ostendit
909 1356 1058 1405 quorsum
1073 1356 1233 1390 memine-

396 1412 440 1446 rit
449 1411 504 1446 suae
514 1411 640 1458 gratiae,
666 1418 700 1445 vt
710 1421 768 1442 eos
779 1406 897 1443 scilicet
914 1406 1083 1440 alacriores
1100 1404 1139 1438 ad
1154 1415 1234 1449 opus

395 1461 554 1495 redderet.
579 1460 659 1493 Non
672 1455 774 1490 otiosa
785 1467 848 1491 erat
859 1455 996 1502 dignitas
1015 1452 1233 1499 Apostolum,

397 1507 450 1543 sed
461 1521 532 1543 cum
545 1506 673 1540 summis
692 1503 934 1540 difficultatibus
947 1514 1067 1537 certare
1083 1500 1166 1546 ipsos
1177 1500 1232 1534 de-

399 1556 673 1591 cebat.Stimulum
685 1565 763 1599 ergo
774 1553 862 1587 addit
871 1550 1018 1586 Christus
1026 1573 1036 1588 ‚
1049 1562 1088 1583 ne
1097 1548 1234 1586 labores,

399 1604 560 1640 molestias
571 1608 601 1637 &
613 1600 792 1636 discrimina
804 1598 970 1646 refugiant.
982 1601 1056 1632 Hoc
1066 1608 1236 1645 argumen-

397 1664 470 1688 tum
480 1652 497 1687 a
507 1652 570 1686 sine
582 1650 739 1695 sumptum
751 1648 806 1683 est.
825 1647 957 1682 Deinde
966 1646 1004 1680 ab
1015 1643 1126 1679 effec‘iu
1138 1643 1236 1677 ratio-

399 1702 524 1737 cinatur
535 1697 795 1743 Cliristus,quum
807 1696 896 1732 dicit,
908 1694 1078 1742 Etftucium
1087 1691 1235 1738 afferatis.

399 1749 466 1785 Vix
475 1748 562 1783 enim
573 1746 642 1781 fieri
653 1744 755 1791 potest
770 1756 804 1778 vt
814 1744 895 1778 serio
907 1742 1070 1789 quisquam
1081 1746 1111 1776 &
1124 1740 1237 1788 gnaui-

400 1807 450 1831 ter
460 1795 551 1842 operi
560 1793 724 1828 incumbat
734 1791 792 1826 nisi
803 1789 996 1826 fructuosum
1014 1789 1158 1823 laborem
1170 1788 1238 1833 spe-

399 1856 450 1879 ret
458 1841 539 1878 fore.
564 1843 643 1877 Ideo
654 1840 838 1886 pronuntiat
848 1838 996 1874 Christus
1007 1847 1139 1872 conatus
1151 1833 1236 1880 ipso-

399 1905 471 1928 rum
484 1896 528 1926 ηὸ
538 1891 646 1924 irritos
662 1888 731 1923 fore
741 1900 799 1921 nec
810 1885 973 1924 inutiles‚si
984 1884 1083 1919 modo
1094 1885 1237 1929 prompti

401 1940 461 1973 fint
478 1939 516 1974 ad
534 1936 783 1982 obsequendum.
820 1936 938 1980 Neque
957 1933 1044 1968 enim
1054 1930 1238 1966 hictantum

399 1985 571 2033 praescribit
589 1983 758 2029 Apostolis
775 1982 852 2029 quid
870 1980 948 2016 serat
972 1993 1007 2016 ac
1024 1979 1161 2026 postulet
1181 1992 1238 2013 eo—

399 2047 471 2069 rum
485 2032 612 2069 vocatio
632 2045 639 2065 :
661 2029 712 2066 sed
732 2044 772 2066 ne
790 2030 932 2078 languidi
950 2028 1009 2064 sint
1026 2029 1076 2073 vel
1090 2026 1238 2075 frigeant,

399 2080 587 2129 prosperum
599 2079 662 2114 illis
672 2077 839 2114 successum
850 2077 1094 2126 promittit.Vix
1104 2076 1166 2111 dici
1179 2087 1239 2122 po-

370 2158 371 2161 *
400 2130 458 2166 tess
469 2139 621 2177 quantum
632 2127 745 2162 habeat
757 2127 917 2162 momenti
926 2126 990 2161 haec
1000 2124 1177 2161 consolatio
1189 2125 1241 2159 ad-

400 2179 506 2213 uersus
525 2188 575 2212 tot
592 2177 785 2211 tentationes
803 2188 871 2223 quae
899 2174 1048 2222 quotidie
1067 2183 1240 2208 occurrunt

402 2225 525 2260 Christi
537 2224 789 2272 ininistris.Ergo
801 2225 929 2271 quoties
940 2222 1035 2257 nobis
1045 2223 1192 2257 videmur
1203 2234 1241 2255 o-

401 2285 510 2320 peram
520 2273 674 2310 ludere‚in
685 2275 874 2306 memoriam
885 2271 950 2305 hoc
962 2269 1239 2308 veniat‚fa‹5turum

405 2321 535 2356 tandem
555 2319 614 2353 esse
632 2318 796 2353 Christum
818 2332 858 2352 ne
876 2319 1032 2353 ludicrum
1051 2318 1086 2352 sit
1104 2318 1242 2353 &inane

405 2369 495 2417 quod
506 2379 671 2402 conamur.
696 2378 768 2399 nam
791 2377 866 2400 tunc
879 2367 1133 2400 maximelocum
1145 2365 1241 2398 habet

404 2415 573 2464 promissio
586 2427 683 2462 quum
695 2413 775 2447 nihil
787 2411 906 2446 fruetus
915 2424 1051 2458 apparet.
1062 2413 1175 2446 Hodie
1186 2424 1240 2445 na—

404 2466 464 2500 suti
475 2464 636 2501 homines,
648 2466 679 2497 &
691 2462 873 2508 quicunque
882 2460 988 2506 sapere
997 2460 1118 2493 mundo
1129 2459 1243 2492 viden-

405 2522 603 2551 mr,conatus
613 2510 738 2544 nostros
748 2520 897 2556 tanquam
911 2505 1161 2541 inconsideratos
1173 2505 1240 2538 sub-

405 2562 536 2596 sannant
546 2582 556 2598 ‚
568 2558 640 2605 quia
659 2556 768 2591 frustra
778 2568 937 2591 tentemus
948 2556 1058 2590 caelum
1068 2565 1156 2588 terrae
1167 2551 1243 2587 mis-

406 2621 494 2645 cere:
518 2620 589 2642 nam
608 2608 729 2640 'interea
751 2602 965 2639 fruffitusvotis
983 2601 1098 2636 nostris
1108 2613 1174 2634 non
1191 2612 1241 2633 re—

407 2656 556 2704 spondet.
591 2654 652 2689 Sed
661 2666 759 2701 quum
770 2652 915 2687 Christus
926 2664 962 2685 ex
971 2647 1103 2685 aduerso
1114 2649 1243 2695 pollici-

408 2702 562 2740 tusfuerit
571 2702 775 2749 sequuturum
793 2699 1035 2746 operaepretium
1062 2721 1073 2736 ,
1100 2697 1186 2743 quod
1205 2697 1244 2732 ad

409 2747 536 2799 tempus
557 2752 652 2788 latet,
664 2748 770 2785 sedulo
788 2748 871 2782 inter
882 2747 993 2783 mundi
1007 2745 1142 2780 ludibria
1151 2745 1184 2779 in
1194 2744 1246 2779 of-

409 2801 487 2836 ficio
498 2798 671 2847 praestando
689 2797 881 2831 laboremus.
908 2796 1069 2839 Qiaeritur
1079 2794 1142 2828 iam
1151 2805 1246 2840 quare

412 2848 550 2884 fruetum
578 2847 662 2881 hunc
680 2856 868 2891 perpetuum
888 2842 958 2878 fore
976 2841 1124 2878 Christus
1149 2841 1245 2881 dicat,

413 2909 510 2941 quum
521 2895 617 2933 dicit,
637 2893 795 2939 Etftuflus
807 2892 903 2935 vester
913 2902 1043 2926 mancat.
1080 2890 1243 2939 Qoniam

411 2944 579 2989 Euangelij
599 2942 746 2977 doftrina
762 2941 883 2975 animas
910 2939 1042 2974 Christo
1062 2938 1195 2986 acquirit
1212 2938 1246 2972 in

414 3002 563 3026 aeternam
575 2990 828 3028 salutem,multis
840 2988 964 3022 videtur
975 2987 1039 3021 haec
1049 2986 1110 3021 esse
1127 2984 1246 3020 fruEius

415 3038 622 3086 perpetuitas:
633 3036 683 3072 sed
692 3050 753 3084 ego
763 3036 950 3071 sententiam
961 3036 1090 3082 longius
1099 3034 1245 3072 extendo,

416 3098 532 3129 nempe
559 3085 648 3132 quod
665 3086 702 3118 ad
723 3085 823 3120 finem
833 3083 929 3131 vsque
949 3084 1061 3119 mundi
1080 3083 1192 3118 statura
1210 3080 1246 3116 sit

414 3132 564 3169 Ecclesia.
598 3134 786 3166 Namlabor
798 3133 1029 3178 Apostolorum
1047 3131 1147 3165 hodie
1164 3142 1247 3177 quo-

415 3194 478 3228 que
488 3178 655 3214 fruffificat
682 3204 691 3217 ‚
718 3185 749 3215 &
770 3181 950 3225 praedicatio
961 3180 1066 3214 nostra
1076 3191 1143 3214 non
1158 3179 1248 3213 vnius

416 3229 462 3264 est
470 3228 563 3264 seculi
590 3250 600 3266 ‚
629 3226 680 3260 sed
700 3226 871 3262 Ecclesiam
882 3227 1071 3274 propagabit
1098 3250 1109 3266 ,
1137 3238 1172 3261 vt
1180 3225 1250 3274 post

416 3288 556 3311 mortem
590 3274 730 3308 nostram
762 3287 866 3308 nouus
890 3286 1065 3321 prouentus
1097 3285 1249 3323 emergat.

418 3328 528 3371 Qum
539 3323 628 3360 dicit,
638 3324 764 3355 FruHus
774 3322 881 3363 vester,
894 3323 1024 3367 perinde
1034 3323 1178 3370 loquitur
1191 3320 1249 3357 acsi

417 3383 522 3416 partus
540 3369 614 3406 esset
635 3382 745 3404 eorum
762 3368 930 3403 industria:
950 3382 1047 3416 quum
1067 3381 1173 3405 tamen
1188 3370 1248 3404 do-

264 3428 389 3475 negua-7·
422 3430 487 3453 ceat
494 3421 616 3459 Paulus,
628 3432 684 3454 cos
695 3418 750 3466 qui
759 3417 863 3464 rigant
872 3417 923 3452 vel
932 3418 1074 3464 plantant
1082 3417 1166 3452 nihil
1175 3415 1246 3453 effe.

257 239 346 288 ’ἂμ
389 261 429 296 ad
437 260 529 294 Gala.
540 270 562 291 1.
573 265 611 300 ις.
620 253 649 288 se
659 253 698 287 ab
707 263 798 286 vtero
809 246 1123 295 matrissegregatum
1133 243 1222 280 fuiise
1268 245 1317 280 tio
1327 245 1421 292 quam
1432 255 1466 279 vt
1485 243 1552 277 eius
1569 242 1673 291 gloria
1691 240 1882 277 hominibus
1898 239 2031 275 adscribi
2048 242 2106 275 de-

300 294 353 342 V·
393 301 713 344 commemoratum&
726 310 821 346 quum
831 292 1150 342 seruisimusprorsus
1166 295 1221 327 in-

1271 292 1408 329 beansed
1419 293 1492 339 quia
1501 291 1652 325 virtutem
1663 289 1746 325 suam
1757 289 1857 325 exerit
1865 289 2032 323 Dominus
2049 300 2106 335 per

1274 354 1402 377 manum
1412 340 1584 376 hominum
1595 351 1635 373 ne
1645 336 1754 374 frustra
1762 336 2001 377 laborent‚solet
2009 338 2108 376 etiam

1275 391 1309 425 in
1322 389 1405 437 ipsos
1415 386 1583 424 transferre
1593 387 1681 434 quod
1695 386 1751 421 fibi
1762 385 1928 434 proprium
1937 385 1990 421 est.
2029 389 2109 423 Me-

1276 439 1463 474 minerimus
1473 437 1593 471 interea
1602 447 1666 469 tam
1675 435 1816 483 benigne
1826 447 1899 469 eum
1910 446 2024 469 ornare
2037 434 2109 469 suos

1277 486 1446 534 discipulos
1457 497 1490 520 vt
1501 497 1556 520 eos
1565 485 1763 521 animet‚non
1775 483 1875 518 inflet.
1909 484 1957 518 Vt
1966 482 2110 529 quicquid

1270 537 1506 582 petieritisJ-loc
1517 531 1698 567 membrum
1709 532 1928 566 non'additum
1940 529 1999 566 fuit
2008 544 2044 565 ex
2052 533 2110 565 ab-

1276 594 1418 630 rupto,vt
1429 582 1537 618 multis
1545 580 1648 615 videri
1658 577 1767 625 poffet.
1777 582 1864 616 Nam
1875 592 1975 627 quum
1987 579 2110 614 docen-

1278 631 1310 665 di
1320 632 1484 678 prouincia
1493 628 1592 675 longe
1602 628 1724 675 superet
1734 627 1907 662 hominum
1918 628 2013 666 vires,
2025 640 2113 662 acce-

1278 679 1357 714 dunt
1367 679 1526 714 innumeri
1534 681 1651 712 Satanae
1662 673 1792 710 insultus
1800 697 1810 713 2
1826 675 1882 724 qui
1891 688 2053 725 nunquam
2063 674 2113 711 su-

1278 727 1386 763 stineri
1395 725 1517 775 possent
1527 724 1584 761 nisi
1599 724 1664 759 Dei
1674 724 1801 758 virtute.
1812 725 1902 772 Ergo
1913 736 1952 760 ne
1963 724 2114 760 deficiant

1277 776 1394 810 animis
1403 775 1572 822 Apostoli,
1590 772 1734 808 Christus
1753 785 1825 808 cum
1835 773 1963 819 optimo
1973 772 2114 808 subsidio

1279 824 1429 859 occurrit.
1447 823 1506 858 acsi
1515 823 1654 861 diceret,
1691 822 1723 855 Si
1733 820 1827 856 vobis
1839 822 1910 868 plus
1919 822 1979 856 erit
1989 821 2114 869 negotii

1277 873 1372 919 quam
1381 885 1415 907 vt
1423 885 1512 919 pares
1521 871 1584 906 sitis
1593 870 1630 905 ad
1641 869 1830 916 explendum
1839 882 1955 904 munus
1963 869 2115 908 vestrum,

1277 933 1344 955 non
1357 923 1458 956 deerit
1468 920 1562 955 vobis
1575 922 1665 953 Pater
1680 919 1870 954 meusNam
1881 917 1939 952 hac
1951 919 2022 964 lege
2036 931 2117 952 con-

1279 969 1364 1004 stitui
1374 981 1431 1004 vos
1441 967 1610 1016 Euangelij
1625 967 1833 1003 ministros‚vt
1842 978 1971 1001 manum
1982 966 2066 1001 suam
2078 965 2118 1000 ad

1279 1031 1338 1052 vos
1352 1018 1508 1052 iuuandos
1525 1026 1684 1050 extentam
1694 1014 1908 1050 habeatPater
1918 1037 1928 1053 ,
1943 1016 2073 1062 quoties
2083 1013 2118 1047 in

1281 1067 1415 1100 nomine
1426 1079 1499 1099 meo
1510 1064 1625 1111 petetis
1632 1061 1666 1099 vt
1674 1063 1770 1097 vobis
1779 1075 1875 1109 opem
1888 1061 2021 1098 feranEt
2034 1061 2119 1097 certe

1281 1114 1368 1159 quod
1378 1115 1520 1160 plerique
1538 1114 1688 1147 doctores
1697 1113 1747 1146 vel
1765 1123 1820 1157 per
1832 1111 1993 1158 ignauiam
2005 1110 2120 1146 flacce-

1281 1162 1433 1200 scunt,vel
1444 1159 1570 1208 prorsus
1580 1160 1753 1195 concidunt
1763 1159 1995 1207 desperatione,
2007 1172 2073 1193 non
2086 1171 2121 1192 a-

1280 1210 1389 1244 liunde
1407 1209 1568 1255 contingit
1586 1207 1643 1241 nisi
1672 1208 1759 1252 quod
1777 1208 1810 1241 in
1831 1206 1944 1242 officio
1971 1206 2122 1254 precandi

1282 1268 1422 1304 torpent.
1460 1257 1599 1291 Proinde
1618 1257 1680 1290 hoec
1691 1255 1812 1291 Christi
1831 1256 2002 1301 promissio
2012 1268 2073 1290 nos
2082 1255 2121 1289 ad

1283 1307 1393 1340 Deum
1405 1305 1622 1339 inuocandum
1636 1304 1876 1337 solicitatNam
1888 1301 2028 1350 quisquis
2037 1315 2123 1349 agno

1284 1353 1346 1388 scet
1362 1355 1378 1388 a
1389 1353 1457 1387 solo
1468 1355 1545 1387 Deo
1557 1351 1616 1387 effe
1629 1349 1795 1386 successum
1808 1352 1927 1397 operis,
1939 1364 2011 1386 curn
2022 1351 2123 1385 timo-

1285 1415 1317 1436 re
1329 1407 1358 1437 &
1371 1413 1514 1436 tremore
1533 1399 1621 1435 suum
1639 1401 1668 1434 ei
1684 1399 1830 1434 laborem
1842 1397 1957 1434 offeret
1980 1415 1988 1434 :
2011 1399 2123 1434 contra

1284 1450 1363 1485 vero
1373 1474 1382 1489 ‚
1394 1450 1489 1498 fiquis
1498 1449 1650 1483 industria
1662 1446 1711 1481 sua
1722 1447 1858 1483 confisus
1868 1471 1878 1486 ,
1897 1449 1963 1483 Dei
1972 1448 2123 1482 auxilium

1285 1500 1445 1547 negligat,
1471 1500 1520 1533 vel
1541 1497 1657 1531 hastam
1669 1501 1699 1531 &
1711 1498 1856 1542 clypeum
1877 1497 2007 1531 abiiciet
2019 1495 2074 1529 vbi
2085 1495 2125 1530 ad

1285 1560 1351 1581 rem
1365 1558 1496 1581 ventum
1508 1544 1619 1583 fuerit,
1630 1545 1680 1578 vel
1694 1548 1828 1579 multum
1840 1543 2010 1592 satagendo
2021 1567 2031 1583 ‚
2045 1544 2126 1578 nihil

1285 1605 1392 1629 tamen
1407 1593 1564 1640 proficiet.
1613 1593 1718 1626 Porro
1737 1592 1788 1626 hic
1810 1593 1874 1626 duo
1893 1593 1968 1626 vitia
1987 1592 2126 1625 cauenda

1286 1642 1316 1676 su
1323 1642 1557 1689 nt,arrogantiae
1568 1639 1684 1674 scilicet
1695 1652 1729 1674 ac
1741 1638 1939 1674 diffidentiae:
1952 1652 2024 1687 quia
2034 1638 2126 1674 sicuti

1287 1691 1354 1725 Dei
1364 1691 1513 1725 auxilium
1524 1689 1629 1723 secure
1639 1699 1826 1734 praetereunt
1836 1689 1891 1735 qui
1902 1699 2010 1734 putant
2023 1688 2051 1721 se
2062 1688 2126 1722 iam

1287 1752 1354 1774 rem
1376 1739 1492 1773 habere
1510 1738 1543 1772 in
1563 1749 1656 1771 manu
1668 1759 1678 1775 ‚
1708 1735 1748 1771 sic
1775 1736 1867 1771 multi
1884 1734 2134 1771 difficultatibus

1289 1787 1500 1822 succumbunt
1523 1809 1534 1824 ,
1561 1785 1636 1832 quia
1656 1796 1722 1818 non
1740 1795 1886 1831 reputant
1906 1784 1936 1818 se
1953 1787 2017 1819 Dei
2029 1785 2129 1818 virtu-

1288 1844 1321 1869 te
1332 1838 1362 1869 δι
1373 1833 1519 1881 praesidio
1527 1844 1668 1880 pugnare
1677 1855 1686 1871 ,
1712 1832 1767 1867 sub
1786 1834 1874 1868 cuius
1885 1831 2030 1880 auspiciis
2040 1833 2129 1868 mili-

1290 1893 1368 1916 tant.
2044 1906 2047 1907 γ

1325 1941 1360 1974 17
1400 1931 1611 1977 Haecpraecipio
1622 1927 1813 1968 vobis.)H0c
1824 1941 1954 1976 quoque
1965 1929 2130 1975 tempesti-

1291 1978 1330 2013 ue
1350 1978 1491 2012 additum
1510 1976 1553 2011 est
1564 1989 1598 2011 vr
1609 1976 1722 2011 scirent
1735 1977 1884 2022 Apostoli
1903 1979 1936 2011 in
1957 1978 2068 2023 primis
2079 1992 2130 2014 re-

1290 2026 1375 2073 quiri
1388 2037 1528 2059 mutuam
1550 2025 1633 2060 inter
1651 2024 1815 2060 ministros
1824 2026 2032 2061 dilefflonetn
2044 2050 2053 2066 ‚
2064 2031 2131 2074 quo

1292 2073 1465 2109 Ecclesiam
1477 2073 1543 2108 Dei
1555 2073 1738 2109 concordiae
1749 2074 1852 2109 studio
1863 2074 2034 2109 aedificent.
2045 2076 2132 2111 Nul-

1291 2125 1358 2158 lum
1369 2123 1457 2156 enim
1469 2122 1845 2168 maiusimpedimentum
1856 2122 1951 2168 quam
1963 2122 2133 2159 dumseor-

1293 2171 1360 2210 sum
1373 2169 1648 2218 quisquelaborat‚
1659 2183 1717 2204 nec
1728 2170 1761 2203 in
1778 2173 1952 2205 commune
1971 2171 2084 2218 singuli
2094 2184 2132 2204 o-

1293 2233 1384 2266 peras
1393 2218 1456 2253 suas
1467 2216 1725 2254 conferunt.Nisi
1738 2231 1815 2265 ergo
1826 2216 1995 2254 fraternam
2008 2220 2091 2253 inter
2101 2218 2132 2254 se

1293 2268 1477 2302 societatem
1487 2268 1593 2302 colant
1603 2267 1751 2306 ministri,
1761 2266 1829 2301 fieri
1841 2268 1959 2312 poterit
1969 2278 2002 2303 vt
2013 2268 2133 2315 aliquas
2150 2297 2152 2299 .

1295 2318 1419 2363 erigant
1430 2315 1598 2353 moles,sed
1609 2316 1784 2362 dissipatas.-
1804 2316 1928 2350 nullum
1942 2317 2062 2351 interea
2074 2316 2134 2350 erit

1294 2364 1439 2399 Ecclesiae
1449 2364 1631 2399 aedificium.

1331 2417 1362 2445 18
1399 2414 1432 2444 Sa
1449 2413 1576 2446 mundus
1587 2425 1642 2447 vos
1653 2410 1747 2454 odit.)
1774 2411 1946 2459 Postquam
1957 2412 2135 2457 Apostolos

1295 2460 1427 2492 armauit
1439 2459 1582 2494 christus
1594 2461 1629 2494 ad
1639 2472 1779 2507 pugnam
1791 2482 1801 2498 ‚
1821 2459 1911 2494 simul
1925 2455 2020 2494 etiam
2031 2462 2069 2496 ad
2081 2474 2135 2508 pa-

1297 2505 1440 2539 tientiam
1460 2505 1612 2540 hortatur.
1640 2509 1843 2554 nequeenim
1861 2510 2061 2555 promulgari
2075 2522 2136 2556 po-

1297 2551 1355 2586 test
1364 2553 1577 2599 Euangelium
1594 2555 1670 2600 quin
1683 2556 1829 2600 protinus
1847 2557 1982 2590 mundus
1993 2558 2136 2592 insaniat.

1296 2613 1392 2647 quare
1409 2613 1571 2648 nunquam
1584 2601 1651 2635 sieri
1665 2603 1783 2647 poterit
1802 2614 1837 2639 vt
1847 2604 1958 2636 mundi
1969 2603 2045 2638 odia
2055 2604 2136 2639 effu-

1296 2650 1385 2696 giant
1396 2649 1438 2695 pij
1449 2648 1611 2684 doetores.
1648 2651 1726 2684 Hoc
1744 2652 1866 2684 mature
1883 2650 2024 2696 praedicit
2035 2652 2136 2688 Chri-

1297 2698 1370 2735 stus,
1382 2709 1421 2731 ne
1433 2697 1495 2730 illis
1505 2698 1673 2746 contingat
1685 2698 1771 2744 quod
1782 2697 1951 2744 tyronibus
1962 2698 2041 2734 solet
2050 2724 2060 2740 ‚
2079 2702 2136 2748 qui

1297 2757 1428 2792 propter
1447 2745 1639 2793 imperitiam
1659 2744 1804 2780 hostibus
1824 2747 1971 2782 nondum
1988 2749 2062 2783 vifis
2080 2762 2136 2784 au-

1298 2797 1390 2828 daces
1402 2816 1412 2832 ,
1431 2793 1486 2827 vbi
1499 2795 1536 2828 ad
1546 2806 1683 2842 pugnam
1694 2806 1825 2829 ventum
1845 2793 1889 2828 est
1899 2817 1909 2833 ‚
1919 2796 2136 2841 expauestunt.

1298 2843 1372 2878 Nec
1381 2841 1504 2876 tantum
1516 2842 1590 2876 ideo
1607 2852 1785 2889 praemonet
1803 2841 1875 2877 suos
1889 2843 2052 2884 Christus,
2078 2858 2136 2880 ne-

1299 2889 1377 2937 quid
1395 2890 1457 2923 illis
1473 2903 1594 2925 nouum
1605 2892 1654 2924 vel
1673 2890 1908 2937 inexpeChtum
1927 2892 2064 2931 accidat,
2082 2892 2136 2928 sed

1299 2950 1356 2972 eos
1368 2937 1457 2971 simul
1477 2938 1646 2973 confirmat
1657 2937 1711 2973 suo
1723 2940 1880 2985 exemplo.
1917 2941 2035 2989 Neque
2046 2942 2135 2976 enim

1297 2998 1421 3032 aequum
1432 2984 1476 3019 est
1486 3010 1496 3021 ‚
1506 2998 1605 3033 quum
1615 2986 1680 3033 ipse
1690 2985 1800 3021 exosus
1809 2988 1930 3022 mundo
1940 2985 2054 3025 fuerit,
2074 3002 2136 3023 nos

1298 3035 1353 3081 qui
1362 3034 1429 3067 eius
1438 3032 1622 3070 sustinemus
1638 3034 2044 3084 personam,mundum(qui
2053 3034 2135 3072 sem-

1297 3094 1354 3128 per
1363 3079 1407 3115 sui
1418 3081 1527 3117 similis
1536 3082 1722 3126 est)habere
1732 3083 1918 3129 propitium.
1939 3084 2086 3120 Verbum
2095 3100 2135 3123 2«-

1299 3133 1391 3159 voe'mn
1407 3129 1439 3163 in
1460 3131 1561 3165 modo
1580 3131 1756 3166 indicatiuo
1767 3131 1889 3164 vertere
1897 3132 2005 3167 malui.
2030 3145 2135 3180 quan-

1301 3187 1394 3229 quam
1410 3176 1504 3224 siquis
1522 3178 1745 3225 imperatiuum
1763 3178 1875 3215 malit,
1891 3190 1959 3213 non
1975 3192 2133 3229 repugno:

1301 3235 1374 3270 quia
1387 3222 1489 3259 sensus
1498 3239 1564 3260 non
1576 3237 1720 3262 mutatur.
1756 3226 1831 3259 Plus
1841 3224 1885 3260 est
1894 3225 2088 3264 difficultatis
2097 3229 2132 3263 in

1300 3283 1381 3306 voce
1392 3284 1458 3318 quae
1467 3274 1611 3319 proxime
1629 3274 1774 3321 sequitur.
1794 3286 1866 3308 nam
1885 3288 1983 3322 quum
2000 3277 2029 3311 se
2041 3280 2134 3310 Prio-·

1300 3332 1364 3354 rem
1375 3318 1535 3365 discipulis
1544 3333 1655 3362 vocat,
1672 3333 1733 3356 tam
1744 3319 1783 3355 ad
1793 3332 1917 3368 tempus
1928 3326 2023 3369 quam
2032 3325 2069 3359 ad
2080 3325 2132 3373 di-

1300 3367 1421 3414 gnitate
1429 3367 1537 3402 referri
1547 3369 1609 3404 hoc
1620 3368 1732 3416 potest.
1752 3369 1844 3404 Prior
1863 3372 2016 3417 expositio
2028 3374 2131 3422 magis

1297 3425 1421 3463 recePta
1430 3414 1603 3465 est,nempe
1614 3416 1702 3466 quod
1711 3414 1854 3453 Christus
1863 3430 1935 3455 ante
1952 3419 2130 3470 Apostolos

2046 3469 2127 3505 odio
