2310 3841
70 1170 186 1202 Bohemi.

498 141 985 196 SECVNDVM
1054 143 1546 196 IOHANNEM,

233 222 329 258 vobis
337 226 536 270 contemptui
548 222 594 258 est
603 245 613 262 ‚
632 220 747 259 scitote
766 235 833 258 non
849 223 944 257 aliam
961 223 1057 260 vobis

231 272 319 318 spem
332 273 400 308 vitae
409 272 613 308 restateflaec
622 284 737 307 omnes
747 272 853 321 gratiae
865 271 985 306 Christi
997 275 1055 308 cs>-

233 332 412 367 temptores
419 331 528 356 manet
539 320 753 358 vltio,Vt.cum
760 318 816 355 sua.
822 318 963 366 superbia
974 322 1056 356 male

225 371 444 416 pereantque
451 368 509 403 hac
517 368 641 414 praecisa
652 367 815 404 seueritate
822 369 959 415 >vrgendi
970 368 1051 409 sunt,

231 429 273 450 ne
285 417 343 451 fibi
354 417 490 452 blandiri
498 416 765 465 pergant.Nam.fi
776 428 914 452 mortem
923 419 1054 464 aegrotis

231 466 374 499 remedia
382 464 619 511 aspernantibus
637 467 807 504 minamur,
817 465 894 512 quid
904 465 1011 511 impiis
1020 479 1054 500 a-

230 514 373 560 gendum
384 513 428 548 est
437 537 447 550 ,
457 515 534 548 dum
544 515 643 549 vitam
653 512 749 560 ipsam
760 513 889 548 abolere
899 525 1053 560 quantum

230 564 265 594 in
276 560 360 595 [cest
369 563 534 596 nituntur?
547 564 645 611 Qod
656 563 734 597 dicit
743 564 874 595 Carnem
882 563 950 608 Eury
958 561 1053 596 hom·-

230 614 277 642 ηιξ(
285 631 295 646 ,
313 609 487 655 emphasim
506 610 603 644 habet
616 624 623 644 ε
640 609 823 657 perstringit
836 610 923 644 enim
939 623 1052 645 eorum

233 667 455 704 contemptum
467 680 476 696 ‚
494 659 549 706 qui
559 660 634 692 iude
647 658 828 693 nascebatur
837 658 910 705 quia
921 658 1053 706 reliquis

234 703 427 740 hominibus
434 705 572 741 similem
583 707 746 741 videbant.
784 706 896 741 Sensus
906 717 985 754 ergo
995 707 1051 746 est,

231 754 446 788 Contemnite
455 768 507 789 me
516 765 553 790 ivt
559 753 639 789 libet
649 766 778 801 propter
787 754 942 789 humilem
954 758 985 790 &
995 754 1051 789 ab-

229 799 350 835 iectum
362 804 464 838 carnis
475 815 550 837 meae
567 800 788 848 conspeetum:
807 814 914 838 tamen
933 803 1051 837 inclusa

228 847 273 882 est
283 860 317 882 in
332 850 571 896 contemptibili
581 849 637 883 hac
647 862 740 885 carne
750 854 814 885 vita
836 874 846 889 ,
871 863 932 897 qua
951 849 973 882 sl
991 863 1050 885 vos

228 908 248 942 p
255 898 364 931 riuatis
374 921 384 937 ‚
395 911 460 931 non
468 899 549 931 alibi
558 897 722 942 reperietis
732 901 819 945 quod
828 910 888 931 vos
896 896 1048 931 viuificet.

228 943 420 979 Ciaflhsfmt
431 957 572 980 veterum
584 957 674 979 error
683 969 692 984 ‚
705 947 759 990 qui
770 942 1047 990 infantulosputa-

227 1003 299 1025 runt
314 993 380 1025 viia
402 1005 517 1026 aeterna
534 993 650 1039 priuati
669 994 726 1026 nili
739 992 969 1027 Eucliaristium
983 993 1047 1027 illis

224 1040 548 1099 porrigerentmcque
559 1042 644 1075 enim
655 1041 694 1076 de
705 1042 811 1077 Coena
821 1041 954 1076 habetur
966 1054 1047 1076 con-
1070 1060 1073 1061 ⁷

225 1088 346 1126 cio‚sed
358 1090 395 1122 de
405 1100 555 1135 perpetua
565 1090 864 1124 communicatione
875 1102 941 1136 quae
951 1090 1046 1124 etiam

223 1147 307 1169 extra
316 1137 426 1170 Coenae
437 1140 522 1171 vium
533 1136 630 1171 nobis
641 1138 773 1172 constat.
791 1139 863 1172 Nec
873 1139 952 1172 vero
962 1140 1048 1172 recte

225 1183 376 1222 Boliemi,
389 1197 486 1231 quum
498 1185 561 1221 hoc
572 1186 761 1221 testimonio
773 1185 947 1232 probarent
958 1187 1046 1220 vsum

225 1233 333 1265 calicis
351 1233 564 1278 promiscuum
575 1233 692 1268 debere
702 1233 854 1269 omnibus
865 1233 936 1270 effe.
946 1235 1048 1281 Qod

224 1281 263 1314 ad
275 1279 450 1315 infantulos
465 1281 582 1328 speetat
605 1305 617 1321 ,
639 1295 695 1316 eos
713 1282 834 1317 Christi
853 1283 1010 1316 institutio
1030 1282 1047 1316 a

222 1330 330 1374 Coene
340 1331 583 1375 participatione
592 1332 763 1379 arcet,quia
772 1332 916 1364 nondum
932 1329 1047 1377 seipsos

225 1376 490 1421 probarcmondfi
505 1380 612 1413 colere
623 1379 814 1413 memoriam
827 1379 938 1423 mortis
949 1379 1046 1413 Chri-

221 1423 259 1457 sti
272 1423 408 1470 possunt.
446 1427 568 1461 Eidem
580 1426 736 1461 institutio
752 1427 883 1461 calicem
893 1428 1046 1461 omnibus

223 1474 283 1507 vna
292 1485 330 1506 cu
336 1487 366 1506 m
375 1486 457 1518 pane
467 1487 676 1509 conum-mem
688 1474 901 1510 faciemaudat
912 1476 1000 1510 enim
1011 1486 1045 1509 vt

221 1520 298 1554 inde
309 1520 457 1556 bibamus
468 1535 591 1556 omnes.

255 1579 296 1611 54
333 1572 403 1618 Qt,
411 1570 576 1604 manducat
585 1582 707 1603 carnem
722 1572 852 1612 meam.)
876 1570 1043 1616 Repetitio

222 1614 338 1652 est,sed
349 1630 415 1650 non
425 1615 624 1662 superuacua:
634 1615 806 1651 confirmat
813 1617 900 1652 enim
910 1618 998 1665 quod
1010 1631 1043 1652 e-

220 1674 267 1697 rat
275 1664 397 1698 creditu
407 1663 538 1699 difficile
549 1689 558 1705 ‚
577 1678 644 1699 non
656 1667 747 1700 aliter
760 1677 854 1700 carne
865 1664 914 1700 sua
933 1670 963 1710 &
975 1665 1044 1699 san-

217 1711 316 1758 guine
326 1713 447 1748 animas
455 1713 534 1760 pasci
546 1714 642 1761 quam
653 1725 767 1758 corpus
775 1725 853 1759 potu
865 1717 897 1748 ὃ(
906 1713 981 1748 cibo
994 1713 1043 1748 su-

223 1759 459 1809 stinetur-Ergo
470 1761 558 1796 sicuti
569 1774 669 1809 nuper
678 1761 805 1796 testatus
816 1760 861 1796 est
869 1784 879 1800 ‚
891 1761 1044 1796 omnibus

219 1808 350 1854 quivitfi
360 1810 436 1843 alibi
454 1811 550 1858 quam
560 1811 594 1844 in
604 1822 698 1845 carne
714 1809 766 1844 sua
775 1821 936 1857 (luterum,
959 1811 1042 1844 nihii

218 1855 377 1891 tefiduum
387 1857 449 1892 effe
456 1870 569 1903 praeter
585 1870 725 1892 mortem
737 1871 745 1891 :
774 1859 816 1892 ita
827 1871 912 1892 nunc
922 1857 996 1903 pios
1004 1860 1043 1893 ad

218 1903 341 1939 bonam
357 1904 444 1951 spem
457 1906 592 1943 animat,
614 1905 691 1940 dum
703 1907 800 1940 vitam
811 1907 874 1940 illis
885 1907 918 1939 in
933 1907 1043 1941 eadem

224 1964 320 1986 carne
329 1953 503 1999 promittit.
523 1951 669 1987 Obscma
679 1953 767 1999 quod
778 1953 1043 1988 resurrectionem

222 1999 326 2032 toties
335 2000 480 2046 adiungit
488 2000 560 2034 vitae
570 2009 691 2033 aeternae
701 2013 710 2032 .·
721 1999 883 2045 quia'salus
891 1999 998 2036 nostra
1006 2002 1044 2037 ad

223 2046 316 2082 illum
324 2047 422 2094 vsque
435 2048 521 2081 diem
531 2046 713 2081 abscondita
722 2048 883 2093 erit-Ergo
894 2047 971 2093 quid
980 2060 1043 2082 no-

221 2094 272 2129 bis
283 2095 428 2130 Christus
438 2093 582 2130 conferat
594 2093 707 2129 sentire
724 2107 823 2129 nemo
834 2094 937 2141 potest
947 2117 958 2133 ‚
983 2095 1042 2129 nisi

221 2144 276 2189 qui
286 2143 431 2189 superato
443 2144 568 2178 mundo
577 2140 643 2183 resu
649 2143 992 2179 rreffi'tionemvltimam
1004 2143 1042 2176 (i-

220 2190 256 2224 bi
265 2202 338 2225 ante
347 2193 461 2225 oculos
470 2192 574 2237 ponit.
595 2192 642 2225 Ex
651 2191 700 2225 his
711 2190 816 2227 verbis
827 2191 928 2237 palam
948 2201 1042 2235 appa-

219 2250 268 2273 ret
278 2262 288 2278 ,
307 2251 472 2286 perperam
486 2240 525 2273 de
535 2241 641 2274 Coena
651 2239 768 2285 exponi
779 2250 884 2273 totum
894 2238 979 2272 hunc
989 2239 1042 2272 lo-

219 2298 312 2321 cum:
331 2299 404 2321 nam
415 2287 437 2322 fi
448 2300 562 2321 verum
572 2286 646 2321 esset
655 2311 666 2326 ‚
676 2288 860 2334 quicunque
869 2287 907 2321 ad
917 2289 1042 2320 Sacram

217 2335 360 2369 Domini
371 2334 510 2369 mensam
520 2334 549 2369 se
562 2336 830 2382 ingerunt‚carnis
839 2339 872 2369 δέ
881 2334 1043 2382 sanguinis

221 2384 291 2416 eius
300 2383 369 2418 fieri
378 2384 676 2430 participes,omnes
684 2382 828 2417 similiter
838 2383 935 2416 vitam
946 2379 1042 2415 refer-

220 2431 417 2466 rentxscimus
428 2442 533 2465 autem
545 2431 655 2465 multis
664 2431 697 2464 in
709 2429 839 2464 exitium
853 2430 974 2464 cedere.
999 2428 1043 2463 Et

219 2479 305 2513 certe
315 2479 460 2526 ineptum
469 2477 573 2513 fuiffet
581 2491 616 2512 ac
631 2477 899 2524 intempestiuum*
909 2478 950 2510 de
959 2478 1042 2512 Coe-

218 2539 257 2560 na
268 2538 344 2562 tunc
353 2528 608 2574 diflerere,quam
618 2527 763 2562 nondum
774 2522 1041 2560 institueratzideo

221 2576 262 2609 de
271 2586 419 2621 perpetua
429 2575 506 2610 fidei
518 2575 738 2609 manducatione
747 2587 784 2608 eu
790 2588 819 2607 m
831 2575 964 2608 tractare
973 2585 1042 2607 cer-

218 2630 287 2656 tu‘m
299 2623 456 2658 est.Simul
465 2634 575 2658 tamen
583 2621 684 2658 fateor
694 2647 704 2659 ,
716 2622 797 2656 nihil
809 2622 862 2656 hic
872 2621 937 2655 dici
954 2621 1042 2667 quod

219 2675 264 2704 ηδ
274 2671 579 2721 inCoen'afiguretur
589 2683 625 2706 ac
633 2671 707 2706 vere
716 2670 869 2717 prestetur
880 2667 1040 2703 fidelibus.

225 2719 375 2766 adeoque
387 2718 503 2754 sacram
520 2721 661 2754 Coenam
685 2717 834 2752 Christus
848 2715 932 2763 quasi
949 2715 1043 2750 huius

69 2770 210 2806 sigiwihu-
221 2767 391 2802 concionis
402 2766 505 2814 sigilis:
515 2764 576 2801 effe
587 2761 888 2812 voluitssAr'que‘haec
899 2764 981 2798 ratio
997 2764 1043 2798 est

67 2811 110 2839 *Ἦ*
117 2812 211 2839 coneio-
223 2827 278 2849 cur
287 2815 370 2861 apud
382 2815 529 2848 Iohanne
539 2813 622 2847 nulla
631 2812 686 2848 fiat
695 2814 807 2848 Coenae
819 2813 1044 2866 metio-Itaque

70 2858 109 2876 nu
127 2854 210 2878 Coenae

69 2889 190 2916 Domini.

223 2864 399 2910 genuinum
409 2862 527 2896 ordine
534 2859 553 2894 s
548 2861 675 2908 equitur
684 2859 893 2908 Augustinus,
903 2861 981 2894 dum
991 2871 1044 2894 m-

219 2919 270 2946 't'er
279 2910 499 2958 explicandum
511 2909 574 2943 hoc
585 2909 816 2955 caputcoenam
826 2908 1043 2955 nonattingit,

221 2959 329 2996 donec
339 2959 377 2993 aci
393 2958 492 2993 finem
501 2955 600 3003 vsque
611 2967 743 2993 ventum
753 2956 808 2992 est.
832 2956 929 2991 Tunc
937 2961 1044 2991 autem

226 3008 323 3042 docet
333 3005 516 3053 mysterium
533 3004 598 3039 hoc
615 3004 649 3038 in
662 3002 732 3051 'sym
737 3004 816 3039 bolo
832 3001 1044 3051 repraesentari

225 3055 353 3102 quoties
362 3053 507 3088 Ecclestae
517 3051 631 3088 sacram
643 3052 783 3087 Coenam
793 3050 1046 3091 celebrant‚alibi

227 3101 467 3147 quotidie-,alibi
475 3111 600 3135 tantum
612 3099 726 3134 diebus
737 3100 935 3136 Dominicis.

261 3157 293 3192 55
323 3152 407 3184 ‘Caro
418 3163 485 3186 mea
499 3145 572 3183 ver&
582 3148 619 3189 est
626 3147 738 3187 cibus.)
757 3149 848 3183 Idem
858 3148 929 3182 aliis
938 3147 1046 3183 verbis

230 3195 399 3232 confirmat
422 3198 436 3237 ’,“
469 3196 559 3232 ficuti
585 3196 689 3230 inedia
715 3200 831 3243 corpus
855 3194 990 3231 tabescit
1013 3199 1046 3230 &

231 3242 454 3283 conficitur-,ita
466 3247 606 3280 animam
616 3268 626 3282 ‚
644 3243 701 3277 nisi
708 3243 823 3278 ’caelesti
831 3254 912 3291 pane
921 3242 1046 3278 reficia-

230 3287 463 3333 tunmbefame
471 3294 654 3339 perituram.
668 3306 671 3307 ⁷
701 3292 790 3327 Nam
800 3304 899 3340 quum
909 3290 1046 3336 affirmat

231 3347 357 3371 carnem
367 3337 451 3374 fitam
459 3341 533 3376 vere
544 3337 604 3375 effe
614 3339 856 3375 cibum,animas
864 3363 875 3379 ‚
888 3339 909 3374 fi
921 3348 1046 3374 careant

231 3382 307 3417 Cibo
317 3383 550 3425 ist02fame1icas
560 3386 619 3423 esse
630 3385 793 3434 fignificat.
803 3387 900 3423 Tunc
909 3397 986 3432 ergo
997 3385 1046 3418 vi-

78 3455 217 3481 nam-2,
230 3440 296 3486 tarn
305 3431 339 3465 in
357 3432 489 3469 Christo
500 3435 658 3472 inuenies,
672 3432 774 3471 fi'viss‘ae
786 3435 950 3470 materiam
962 3444 1045 3480 quae-

232 3491 322 3515 rasin
332 3479 399 3516 eius
409 3485 560 3518 carne-Ita
568 3496 642 3521 curn
649 3477 747 3518 Paulo
756 3485 871 3519 iastare
881 3479 1045 3518 conuenit,

1893 178 1938 222 7³

1103 225 1187 260 nihil
1204 226 1470 266 nobisiexcellere
1482 240 1592 274 praeter
1607 228 1772 266 Christum
1789 234 1915 271 crucifia

1097 274 1263 321 -xum2quia
1272 274 1460 322 simulatque
1475 279 1491 310 ὲ
1500 275 1522 310 Γ,
1530 278 1652 313 crificio
1663 280 1778 314 mortis
1789 282 1855 315 cius
1866 284 1915 317 dia

1102 320 1260 358 sceslimus
1270 345 1281 362 ‚
1295 322 1376 357 nihil
1388 335 1499 369 praeter
1510 338 1648 362 mortem
1658 327 1753 362 nobis
1764 331 1915 364 occurrit.

1101 372 1174 406 Nec
1186 371 1247 406 alia
1257 371 1376 406 viavuos
1385 372 1424 406 ad
1440 373 1568 408 Diuinze
1586 374 1644 409 suae
1655 375 1782 411 virtutis
1795 375 1916 413 sensum

1103 419 1232 454 deducit
1251 419 1344 467 quam
1362 431 1417 465 per
1433 431 1574 455 mortem
1593 427 1624 457 δε
1648 422 1916 460 resurrectionem

1101 466 1278 503 suam.1deo
1286 467 1454 503 ‘Christum
1468 471 1659 515 ampleciere
1668 470 1791 507 seruum
1802 474 1915 512 Patris,

1102 526 1135 550 vt
1144 515 1173 550 sc
1183 517 1440 563 vitaelprincipem
1450 515 1511 550 tibi
1522 517 1678 552 ostendat.
1687 521 1773 554 Nam
1787 524 1875 568 quod
1885 522 1914 556 se

1101 564 1295 604 exinaniuit,
1304 564 1368 600 hoc
1383 565 1483 610 modo
1494 565 1584 600 ditati
1594 565 1697 600 sumus
1706 570 1796 601 omni
1809 571 1914 603 bono-

1100 623 1171 646 rum
1186 610 1362 647 affluentia:
1379 613 1446 647 eius
1458 611 1644 655 humiliatio
1660 627 1695 648 ac
1706 614 1866 650 descensus
1875 617 1914 651 ad

1100 657 1220 694 inferos
1230 674 1291 695 nos
1300 661 1334 694 in
1344 663 1576 697 caelumnextulit
1585 675 1593 696 z
1602 663 1703 697 crucis
1711 664 1916 698 malediffio-

1100 720 1176 742 nem
1183 707 1608 748 -subeundomobile‘iustitiae
1616 710 1792 756 trophaeum
1803 713 1913 747 erexit,

1100 756 1283 802 Praeposteri
1302 769 1380 804 ergo
1397 755 1667 804 sunt-interpretes
1685 760 1740 806 qui
1759 760 1879 794 animas
1897 762 1914 796 a

1099 803 1220 838 Christi
1230 805 1565 841 carne‘abducuntScd
1576 819 1630 842 cur
1642 806 1779 841 seorsum
1788 807 1914 855 sangui-

1099 851 1149 884 nis
1159 850 1203 884 sui
1213 853 1361 887 meminit
1371 853 1586 902 Christus,qui
1596 853 1651 888 sub
1662 867 1755 891 carne
1764 858 1913 891 contine-

1097 901 1162 931 tur?
1181 898 1374 945 Responde0
1385 901 1526 936 habitam
1534 903 1573 936 ab
1583 901 1649 948 ipso
1660 906 1817 939 rationem
1825 903 1914 942 fuisse

1097 946 1210 980 nostrae
1224 949 1380 982 ruditatis.
1404 960 1478 982 uam
1488 962 1586 996 quum
1601 950 1747 986 distincffl'z
1757 953 1865 988 cibum
1880 959 1914 990 δε

1095 1005 1210 1041 potum
1221 996 1481 1042 expriminvitum
1490 1010 1586 1045 quam
1597 998 1717 1043 praestat
1726 1003 1865 1036 numeris
1874 1015 1914 1036 o-

1096 1042 1227 1077 mnibus
1237 1045 1428 1090 completam
1438 1044 1498 1079 csse
1508 1045 1677 1085 admonet,
1696 1059 1736 1081 ne
1747 1048 1913 1085 dimidiam

1095 1092 1220 1126 tantum
1232 1093 1280 1126 vel
1292 1093 1436 1126 mutilam
1448 1093 1544 1127 nobis
1553 1094 1712 1141 fingamus
1724 1111 1732 1128 .·
1751 1097 1811 1131 acfi
1827 1099 1914 1132 dice-

1098 1150 1146 1172 ret
1154 1154 1168 1178 ‚·
1186 1142 1304 1175 nullam
1316 1140 1411 1175 nobis
1423 1138 1533 1176 defore
1542 1144 1613 1176 vitae
1623 1152 1744 1188 partem
1755 1165 1764 1182 ‚
1778 1144 1799 1178 fi
1811 1148 1912 1181 modo

1097 1187 1226 1223 edamus
1235 1201 1361 1223 carnem
1372 1189 1455 1224 suam
1478 1211 1490 1227 ,
1515 1194 1547 1224 ἃ
1559 1189 1744 1237 sanguinem
1754 1191 1912 1229 bibamus.

1097 1235 1146 1269 Sic
1157 1236 1251 1270 etiam
1272 1239 1303 1270 in
1315 1239 1419 1272 Coena
1430 1261 1440 1276 ,
1458 1251 1524 1284 quae
1533 1238 1607 1272 huic
1618 1240 1772 1275 doctrinae
1783 1240 1913 1287 respon—

1096 1284 1227 1323 der,non
1241 1297 1410 1320 contentus
1419 1286 1508 1332 panis
1518 1285 1809 1333 symb010‚ca1icem
1822 1289 1913 1325 simul

1096 1332 1252 1381 adiungit,
1261 1345 1294 1367 vt
1311 1334 1471 1382 duplicem
1490 1335 1561 1369 vitae
1578 1333 1720 1370 tesseram
1735 1337 1767 1370 in
1778 1337 1845 1383 ipso
1855 1338 1911 1373 ha-

1096 1378 1208 1415 bentes
1220 1404 1229 1420 ,
1256 1394 1296 1414 eo
1307 1380 1376 1416 solo
1388 1383 1532 1416 contenti
1544 1381 1603 1417 effe
1621 1381 1783 1419 discamus.
1807 1398 1911 1434 neque

1095 1429 1182 1463 enirn
1201 1441 1321 1475 partem
1341 1430 1410 1464 vitae
1428 1431 1564 1476 reperiet
1579 1431 1612 1464 in
1632 1432 1763 1467 Christo
1781 1435 1836 1467 nili
1856 1436 1911 1481 qui

1095 1489 1167 1510 eum
1198 1489 1299 1512 totam
1331 1483 1363 1513 δε
1390 1479 1523 1513 solidam
1550 1480 1648 1514 vitam
1680 1480 1738 1514 libi
1765 1480 1823 1516 effe
1849 1482 1910 1517 sta-

1094 1534 1171 1559 tuet-

1127 1578 1164 1616 56
1200 1574 1269 1619 Qi
1277 1571 1440 1606 manducat
1449 1585 1568 1609 carnem
1577 1588 1683 1610 meam.
1685 1577 1783 1619 )A1ia
1792 1576 1913 1612 confir-⁴

1093 1620 1206 1653 matio.
1231 1633 1305 1654 nam
1324 1633 1422 1667 quum
1433 1621 1532 1655 vitam
1543 1621 1626 1657 solus
1636 1624 1669 1657 in
1687 1624 1717 1659 se
1735 1626 1909 1665 contineat,

1093 1667 1161 1701 eius
1171 1665 1308 1702 fruendae
1320 1670 1452 1703 modum
1463 1669 1676 1716 prescribitwt
1686 1685 1812 1709 carnem
1824 1673 1910 1709 suam

1093 1717 1233 1750 edamus.
1245 1715 1305 1750 acsi
1316 1728 1447 1763 negaret
1456 1717 1486 1751 se
1496 1720 1587 1753 aliter
1603 1720 1746 1755 nostrum
1766 1722 1835 1755 fieri
1854 1721 1911 1756 nisi

1093 1776 1192 1810 quum
1203 1762 1281 1798 fides
1290 1766 1396 1799 nostra
1404 1765 1438 1798 in
1450 1765 1517 1800 eius
1533 1780 1660 1802 carnem
1671 1768 1829 1817 dirigitur.
1853 1782 1912 1804 ne-

1092 1825 1156 1860 que
1172 1813 1260 1854 enim
1277 1812 1315 1847 ad
1332 1812 1498 1847 Christum
1516 1816 1625 1850 Deum
1640 1829 1779 1863 vnquam
1798 1830 1913 1865 perue—

1092 1860 1159 1894 nict
1168 1859 1224 1907 qui
1236 1859 1406 1895 hominem
1417 1861 1565 1908 negligit.
1578 1865 1685 1907 Qare
1695 1864 1716 1898 fi
1726 1864 1786 1898 tibi
1796 1867 1843 1902 vis
1854 1867 1911 1900 ali-

1093 1908 1168 1953 quid
1181 1920 1254 1941 cum
1266 1907 1398 1942 Christo
1410 1909 1469 1942 esse
1477 1921 1647 1944 commune
1658 1933 1667 1949 ‚
1689 1914 1865 1947 cauendum
1876 1915 1910 1947 in

1092 1955 1204 2000 primis
1214 1953 1260 1989 est
1274 1967 1315 1990 ne
1325 1967 1452 1990 carnem
1466 1956 1531 1989 eius
1540 1954 1685 1991 fastidias
1711 1960 1819 2006 Qm
1831 1960 1910 1994 dicit

1091 2001 1122 2036 se
1133 2004 1166 2036 in
1178 2003 1274 2036 nobis
1282 2003 1430 2047 mmereff,
1452 2003 1583 2046 perinde
1600 2003 1663 2038 hoc
1674 2006 1756 2039 valet
1780 2004 1838 2039 acfi
1857 2006 1909 2040 di-

1091 2061 1176 2084 ceret
1191 2072 1202 2088 ‚
1230 2050 1294 2084 hoc
1307 2062 1404 2084 vnum
1416 2048 1476 2083 esse
1486 2050 1614 2083 vnitatis
1624 2051 1797 2089 vinculum,
1807 2057 1838 2087 δι
1850 2052 1908 2087 hac

1090 2098 1214 2130 ratione
1224 2095 1255 2131 se
1266 2095 1434 2131 nobiscum
1444 2094 1619 2131 coalescere
1627 2119 1637 2136 ‚
1646 2111 1743 2145 quum
1757 2098 1836 2133 fides
1845 2113 1907 2133 no-

1089 2143 1147 2178 stra
1159 2143 1192 2176 in
1202 2155 1340 2178 mortem
1350 2143 1416 2178 eius
1424 2143 1696 2181 recumbit.Por1·o
1707 2147 1822 2181 iterum
1832 2147 1909 2183 hinc

1090 2191 1510 2238 colligerelicet‚verba=de
1529 2204 1660 2227 externo
1675 2193 1821 2240 symbolo
1838 2208 1906 2230 non

1089 2238 1159 2274 ficri
1170 2253 1178 2273 ε
1190 2241 1278 2287 quod
1289 2240 1382 2273 multi
1391 2237 1570 2286 promiscue
1581 2252 1618 2274 ex
1636 2241 1821 2276 infidelibus
1834 2254 1908 2287 pcr-

1091 2287 1234 2334 cipiunt,
1245 2299 1352 2322 tamen
1363 2286 1521 2322 aChristo
1530 2287 1625 2323 alieni
1639 2301 1778 2324 manent.
1818 2292 1905 2326 Hinc

1091 2347 1239 2381 praeterea
1255 2332 1409 2369 refellitur
1427 2334 1574 2369 delirium
1591 2336 1688 2376 illud,
1710 2338 1819 2372 Iudam
1838 2351 1906 2373 non

1092 2383 1199 2417 minus
1216 2379 1372 2427 sumpfiffe
1383 2381 1504 2417 Christi
1515 2395 1630 2429 corpus
1639 2385 1734 2431 quam
1751 2386 1905 2433 reliquos,

1090 2432 1166 2466 dum
1177 2429 1329 2465 omnibus
1338 2433 1503 2476 porreetus
1513 2431 1557 2466 est
1565 2432 1654 2478 panis
1664 2434 1680 2468 a
1690 2432 1906 2469 Christo-nam

1092 2477 1180 2513 sicuti
1199 2479 1238 2513 ad
1257 2478 1564 2526 externumjsignum
1583 2480 1693 2515 inscite
1709 2480 1905 2528 restringitur

1092 2527 1156 2561 haec
1167 2526 1312 2560 dostrina
1322 2548 1332 2564 ,
1351 2525 1390 2560 fic
1400 2527 1573 2561 tenendum
1586 2527 1630 2561 est
1639 2530 1724 2574 quod
1735 2529 1819 2573 prius
1827 2529 1904 2565 dixi,

1090 2575 1156 2608 illic
1163 2572 1324 2620 obsignari
1332 2574 1513 2608 doctrinam
1523 2587 1591 2621 quae
1600 2573 1650 2609 hic
1662 2574 1905 2622 habetur.Atqui

1091 2633 1212 2656 certum
1225 2621 1394 2658 est,Iudam
1409 2633 1570 2668 nunquam
1581 2620 1667 2656 fuisse
1675 2621 1794 2657 Christi
1804 2636 1905 2657 mem-

1090 2670 1183 2704 brum
1195 2669 1328 2703 :deinde
1339 2667 1501 2715 plusquam
1512 2668 1680 2704 absurdum
1697 2669 1759 2709 est,
1778 2682 1904 2705 carnem

1090 2715 1211 2753 Christi
1229 2726 1388 2750 mortuam
1407 2721 1439 2752 &
1457 2716 1565 2762 spiritu
1581 2729 1709 2751 vacuam
1728 2717 1904 2763 imaginari:

1092 2763 1256 2813 postremo
1267 2763 1395 2798 ridiculi
1409 2764 1478 2797 sunt
1487 2764 1541 2811 qui
1551 2765 1647 2797 vllam
1665 2764 1768 2797 carnis
1783 2764 1905 2800 Christi

1093 2811 1369 2848 manducationem
1388 2809 1504 2857 absque
1519 2810 1584 2844 fide
1599 2809 1760 2845 somniant
1776 2834 1786 2850 ‚
1806 2825 1904 2859 quum

1093 2860 1155 2894 sola
1163 2859 1241 2894 fides
1251 2866 1338 2900 os(vt
1349 2857 1390 2903 ita
1400 2858 1516 2896 dicam)
1526 2858 1636 2892 animae
1645 2857 1682 2891 fit
1698 2871 1732 2893 ac
1742 2863 1906 2896 ventricu-

1094 2911 1154 2943 lus.
1568 2936 1571 2940 .

1128 2965 1165 3000 57
1202 2947 1466 2999 Qnemadmodum
1474 2951 1548 2997 mrfit
1557 2952 1636 2992 me.)
1646 2953 1811 2990 Hactenus
1821 2967 1905 3001 quo-

1094 3000 1194 3038 modo
1213 3011 1273 3033 nos
1290 3000 1359 3033 vitae
1376 3011 1544 3046 compotes
1559 2999 1629 3034 fieri
1647 3012 1794 3046 oporteat
1805 3003 1905 3038 Chri-

1093 3049 1155 3086 stus
1165 3043 1302 3083 disseruit
1313 3060 1320 3080 :
1331 3058 1414 3082 nunc
1424 3050 1460 3082 ad
1471 3046 1591 3082 causam
1602 3048 1809 3094 principalem
1819 3063 1906 3085 tran-

1094 3098 1142 3136 fit,
1151 3096 1222 3143 quia
1231 3095 1331 3139 prima
1339 3094 1410 3128 vitae
1419 3096 1514 3142 origo
1529 3096 1561 3128 in
1572 3099 1664 3131 Patre
1673 3096 1729 3132 est.
1751 3099 1906 3133 Praeuenit

1093 3156 1195 3180 autem
1213 3141 1447 3177 abiectionem.
1473 3145 1547 3191 quia
1565 3144 1666 3179 videri
1685 3157 1808 3191 poterat
1828 3148 1905 3179 Deo

1086 3191 1180 3241 'quod
1192 3188 1280 3223 suum
1292 3189 1336 3225 est
1354 3190 1517 3226 detrahere
1527 3215 1537 3231 ,
1557 3204 1655 3238 quum
1666 3191 1696 3226 se
1713 3192 1827 3228 faceret
1835 3204 1907 3226 vxrae

1093 3237 1276 3275 causam.Sic'
1291 3249 1371 3285 ergo
1381 3237 1412 3284 se
1423 3236 1496 3273 facit
1504 3241 1574 3274 vitae
1586 3251 1728 3273 autorem
1739 3251 1769 3272 vt
1780 3241 1906 3274 aliunde

1094 3287 1151 3321 fibi
1167 3285 1231 3330 hoe
1247 3285 1356 3321 datum
1377 3288 1530 3322 concedat
1547 3287 1636 3335 quod
1652 3287 1721 3321 aliis
1739 3286 1907 3322 ministrat.

1093 3337 1254 3370 Noternus
1263 3332 1343 3368 hanc
1354 3346 1482 3383 quoque
1491 3337 1671 3370 orationem
1682 3336 1907 3370 accommoda-

1093 3383 1119 3416 ri
1147 3382 1185 3415 ad
1211 3393 1324 3415 eorum
1354 3393 1480 3427 captum
1506 3381 1697 3430 quibuscum·
1717 3381 1908 3428 loquebatur

1094 3428 1242 3464 Christus
1252 3443 1261 3462 :
1270 3427 1299 3464 se
1311 3429 1397 3464 enim
1407 3429 1491 3465 Patri
1501 3440 1661 3474 comparat
1671 3439 1793 3464 tantum
1804 3431 1908 3465 carnis

1093 3477 1151 3515 suae
1160 3474 1311 3524 respestu.
1345 3479 1489 3514 Tametsi
1498 3478 1585 3514 enini
1597 3479 1690 3512 Pater
1700 3477 1769 3561 vict?
1787 3478 1908 3531 princi:

1725 3564 1736 3570 .
1789 3538 1800 3571 J
