2310 3841
471 155 956 203 SECVNDVM
1008 152 1509 208 ioHANNEM

193 245 258 269 tum
270 234 401 271 Christo
420 234 475 281 ipsi
491 234 661 269 horrorem
681 234 803 271 irtussit
812 258 823 275 2
840 235 916 270 dum
926 237 1013 271 videt

193 283 371 319 incredibili
382 286 471 318 vnius
487 282 630 317 hominis
642 282 755 318 scelere
765 280 877 319 foedari
896 282 1014 319 sacrum

192 331 282 365 illum
294 333 441 366 ordinem
460 331 491 364 in
501 342 566 377 quo
581 331 644 365 Dei
657 330 798 367 maiestas
807 332 947 366 relucere
957 333 1013 367 de-

193 378 438 413 buerat.E0dc1n
447 380 583 424 pertinet
593 380 680 425 quod
699 377 825 414 subiicit
841 378 1013 427 Euangeli-

192 425 320 462 sta,eum
331 426 507 472 testficatum
518 425 694 472 effi.nempe
703 427 776 474 quia
786 439 835 461 res
845 427 945 473 magis
954 440 1012 474 pro

192 473 311 520 digiosa
320 486 384 508 erat
393 474 485 520 quam
496 485 530 508 vt
541 473 723 521 simpliciter
740 475 823 510 dicta
832 473 934 509 statim
945 488 1013 510 cre-

190 521 221 555 di
231 521 515 566 poffen‘smbamua
524 521 796 569 sparienchristum
806 522 929 561 dicit‚vt
937 521 1014 557 scia-

191 581 260 602 mus
279 583 345 603 non
361 571 449 603 vultu
468 571 568 605 modo
579 575 607 606 δε
619 569 724 605 verbis
740 567 876 617 speciem
895 571 1013 605 turbati

190 616 332 651 hominis
342 615 455 652 dedisse
466 639 476 656 ,
497 619 546 652 sed
559 618 684 665 penitus
704 619 746 652 ita
762 615 849 652 suiffe
860 618 892 652 in
901 620 1011 654 animo

190 664 245 697 suo
259 662 452 700 affeetum&
461 667 586 714 Spuritus
603 677 661 711 pro
674 677 780 701 mente
790 666 909 713 capitur
919 668 968 701 vel
978 679 1012 701 a-

188 711 402 760 nima.Neque
413 714 498 748 enim
509 713 707 760 quorundam
722 714 871 759 opinioni
881 712 1010 749 subscri-

188 758 301 807 bo,qui
313 760 474 796 Christum
486 771 646 808 exponunt
663 762 746 808 quasi
756 762 901 797 violento
912 763 1012 809 Spiri-

187 817 238 841 tus
257 819 347 843 motu
369 807 456 844 fuiffe
473 807 640 855 impulsum
650 820 683 842 vt
696 809 729 843 in
752 809 815 845 haec
827 811 923 845 verba
932 822 1009 856 pro—

184 857 610 904 rumperetffiateor.quidem
621 856 773 901 Spiritum
784 869 900 892 onmes
910 857 1010 892 Chri-

186 901 222 936 sti
232 902 361 939 affectus
370 902 456 939 fuiffe
468 902 729 938 moderatunnsed
739 905 797 938 alia
813 904 857 938 est
869 917 959 939 mens
968 906 1008 939 E-

185 952 374 999 uangelistae‚
384 953 469 998 quod
479 951 613 985 interior
623 963 682 986 nec
693 951 834 986 fimulata
843 951 935 986 suerit
943 952 1008 987 haec

184 998 304 1033 Christi
315 999 422 1043 passio.
445 998 545 1045 quue
555 998 661 1034 nostra
675 998 749 1033 scire
762 1001 870 1047 magni
880 1000 1008 1035 interest

183 1047 255 1092 quia
267 1047 358 1093 ipsius
367 1049 452 1081 zelus
462 1047 557 1080 nobis
567 1047 605 1081 ad
623 1047 839 1082 imitationem
851 1049 1007 1094 proponi·

183 1104 232 1126 tur
243 1116 252 1132 ,
270 1106 302 1128 vt
313 1093 391 1131 serio
402 1094 625 1130 exhorreamus
643 1094 781 1129 monstra
801 1095 856 1130 ista
875 1107 942 1144 quae
960 1097 1007 1131 sa-

182 1154 270 1175 crum
283 1143 345 1177 Dei
357 1147 387 1178 &
399 1141 543 1177 Ecclesiae
553 1143 702 1178 ordinem
715 1154 870 1178 euertunt.

215 1201 248 1222 22
285 1191 475 1238 Aspiciebant
487 1189 624 1236 inques}
640 1190 764 1230 mmuh.)
790 1191 858 1238 Qi
868 1190 926 1225 fibi
938 1201 1006 1224 non

182 1239 263 1271 male
271 1238 389 1283 conscij
400 1237 467 1272 sunt
475 1261 485 1276 ,
498 1238 579 1282 anxij
592 1239 765 1274 redduntur
775 1239 894 1274 Christi
905 1239 1004 1273 disto:

180 1297 260 1319 vnus
280 1287 371 1321 iudas
390 1285 430 1320 sic
448 1285 611 1332 obstupuit
627 1287 661 1320 in
673 1286 724 1321 sua
743 1287 865 1329 malitia
885 1298 917 1321 vt
939 1299 1005 1320 non

180 1343 335 1379 tangatur.
376 1334 474 1368 Tanti
492 1335 574 1379 apud
594 1333 766 1381 discipulos
793 1346 858 1369 erat
879 1333 1006 1369 Christi

178 1380 353 1415 authoritas
362 1405 371 1420 ,
402 1393 435 1416 vt
443 1382 530 1416 certo
540 1379 671 1427 persuasi
682 1381 778 1417 essent
789 1384 869 1417 nihil
885 1395 1006 1418 temere

177 1427 217 1461 ab
230 1428 296 1475 ipso
306 1429 337 1463 di
342 1431 472 1464 ‹zi-Satan
484 1430 561 1463 vero
571 1442 608 1464 ex
617 1430 712 1466 corde
723 1433 804 1467 Iudae
815 1443 947 1466 omnem
958 1442 1007 1464 re·

179 1477 354 1512 nercntiam
375 1475 537 1512 excufferat
545 1499 556 1515 ‚
583 1489 616 1511 vt
632 1478 669 1512 ad
680 1479 874 1524 repellendas
892 1490 1006 1512 omnes

177 1526 417 1559 admonitiones
434 1524 518 1559 saxea
538 1537 612 1570 rupe
623 1523 697 1559 efl'et
707 1526 827 1560 durior.
862 1525 1006 1560 Tametfi

176 1582 282 1619 autem
293 1585 402 1617 parum
414 1572 593 1606 humaniter
604 1573 726 1608 videtur
737 1570 838 1608 facere
848 1571 1004 1611 Christus,

177 1619 230 1665 qui
239 1619 390 1653 innoxios
399 1620 436 1653 ad
447 1631 570 1665 tempus
582 1630 730 1666 torquet:
742 1621 814 1667 quia
825 1632 930 1655 tamen
942 1621 1005 1654 illis

175 1665 295 1712 profuit
305 1665 462 1701 eiusmodi
471 1668 620 1706 anxietas,
632 1668 712 1702 nihil
724 1669 786 1703 illis
796 1669 918 1702 iniuriae
929 1665 1004 1703 fecit

176 1713 332 1749 Christus.
357 1716 493 1762 Expedit
503 1715 588 1749 enim
600 1727 632 1750 vt
647 1716 758 1752 audito
769 1716 944 1762 impiorum
955 1716 1004 1750 iu-

176 1761 262 1795 dicio
273 1761 330 1807 filij
343 1765 406 1804 Dei
415 1771 617 1810 torqueantur
633 1764 728 1798 etiam
741 1764 876 1811 ipfi‚quo
887 1761 1003 1809 seipsos

177 1810 334 1844 excutiant
345 1833 354 1848 ‚
371 1809 564 1858 caveantque
583 1810 762 1858 hypocrisin
786 1825 797 1846 .·
823 1812 898 1846 inde
914 1812 1001 1856 enim

176 1857 239 1891 inis
250 1857 340 1898 datur„
348 1857 473 1893 occasio
489 1856 519 1893 se
530 1863 559 1893 δι
581 1859 664 1892 suam
683 1859 780 1894 vitam
791 1859 1002 1894 examinandi.

176 1908 286 1940 Docet
296 1917 400 1940 autem
410 1906 460 1940 hic
469 1908 560 1939 locus
581 1927 592 1943 ,
619 1905 659 1940 fic
669 1906 829 1946 interdum
849 1907 1002 1942 taxandus

176 1952 236 1987 eise
252 1954 374 2000 impios
390 1965 422 1987 vt
440 1965 505 1986 non
530 1951 635 1986 statim
654 1951 859 1993 ostendantur
885 1955 1003 2001 digito,

176 2002 279 2036 donec
290 2013 345 2034 eos
355 2012 448 2035 manu
457 1997 507 2034 sua
519 2000 608 2034 Deus
617 2000 785 2034 traxeritin
797 2000 912 2034 lucem.
932 2003 1003 2036 Oc-

176 2049 253 2083 culti
263 2048 352 2083 enim
364 2047 439 2094 saepe
449 2047 561 2081 suntin
570 2047 707 2082 Ecclesia
717 2046 837 2085 morbi,
849 2059 931 2094 quos
939 2047 1003 2082 dis-

175 2096 320 2131 simulare
338 2108 404 2130 non
416 2097 508 2130 licet:
525 2096 656 2130 interim
673 2093 819 2130 non‘dum
830 2095 872 2129 ita
882 2106 1003 2138 matura

175 2144 220 2179 est
236 2145 408 2179 hmninum
427 2143 567 2190 ipsorum
587 2143 726 2190 nequitia
735 2153 770 2177 vt
781 2142 887 2190 detegi
897 2140 1002 2190 possit:

174 2204 248 2227 tunc
259 2193 358 2241 igitur
369 2192 432 2227 haec
443 2192 580 2227 tenenda
588 2192 632 2226 est
641 2191 744 2227 media
751 2190 848 2224 ratio.

209 2253 240 2285 23
260 2237 465 2323 s{lg-ngeniyeslu
477 2238 645 2287 dtlzgebat.)
655 2238 825 2274 Peculiaris
834 2249 927 2272 amor
937 2249 1003 2284 quo

174 2290 260 2331 Chri·
288 2303 322 2322 us
333 2288 510 2323 iohannem
523 2288 707 2334 complexus
720 2286 775 2325 est,
786 2285 867 2320 clare
877 2285 1004 2320 testatur

175 2349 241 2370 non
257 2335 401 2387 'pugnare
419 2333 540 2381 semper
557 2347 629 2369 cum
648 2335 800 2370 charitate
815 2332 922 2380 fiquos
933 2334 1003 2368 aliis

176 2385 276 2431 magis
287 2396 443 2418 amamus:
455 2382 507 2417 sed
518 2393 623 2417 totum
633 2382 664 2416 in
674 2395 714 2417 eo
723 2380 862 2428 politum
872 2380 918 2414 est
926 2391 959 2416 vt
970 2393 1002 2414 a-

176 2445 247 2467 mor
256 2431 363 2473 noster
381 2433 490 2466 Deum
499 2429 640 2478 respiciat
649 2451 660 2469 ‚
675 2434 706 2466 δε
717 2441 783 2476 quo
793 2427 931 2475 quisque
941 2428 1003 2463 Dei

176 2480 270 2514 donis
294 2479 396 2527 magis
412 2479 538 2514 excellit
559 2501 569 2518 ‚
594 2479 628 2512 in
646 2489 720 2512 eum
737 2474 862 2510 feratur.
899 2475 952 2510 Ab
962 2487 1002 2511 eo

175 2526 271 2574 scopo
281 2540 347 2561 nun
374 2540 444 2562 uam
454 2528 503 2562 vel
513 2526 685 2560 minimum
705 2522 854 2560 Christus
863 2523 1001 2559 deflexit.

174 2577 249 2611 Nos
269 2540 466 2622 veroqlonge‘
489 2573 579 2614 aliter
592 2587 602 2607 t
619 2585 693 2608 nam
710 2576 802 2620 (quat
820 2571 871 2620 est'
881 2571 1001 2619 ingenii

174 2623 273 2658 nostri
290 2623 432 2664 vanitas)
444 2623 533 2668 pauci
547 2620 616 2656 sunt
626 2620 681 2668 qui
690 2619 842 2655 homines
852 2620 1000 2658 amando,

172 2671 306 2719 propius
314 2661 470 2705 adbeum
481 2670 642 2706 accedant.
667 2667 770 2715 Atqui
780 2678 942 2714 nunquam
951 2679 1000 2702 re-

173 2720 224 2755 ete
235 2717 408 2762 composita
417 2718 477 2752 erit
485 2715 749 2752 hominuminter
758 2713 787 2749 se
797 2714 1002 2753 dileetiofflifi

174 2780 241 2808 qnae
251 2767 288 2801 ad
301 2768 407 2800 Deum
417 2762 684 2805 referetur-‚Quod
693 2772 796 2796 narrat
805 2761 966 2799 Iohannes
966 2763 1003 2807 fi

173 2809 341 2858 dzfteebmffe
350 2815 380 2846 in
382 2809 678 2858 smuChv-isso'‚poffet
686 2809 784 2845 hodie
793 2808 826 2845 id
834 2809 936 2849 videri
946 2822 1000 2858 pa-

176 2875 246 2897 rum
258 2863 411 2897 decorum
432 2873 440 2893 :
462 2858 514 2894 sed
534 2859 606 2893 talis
617 2869 682 2893 erat
691 2869 769 2893 tunc
782 2855 1005 2893 discumbendi

177 2910 269 2945 ratio.
293 2921 396 2956 neque
406 2907 491 2942 enim
501 2906 661 2944 sedebant,
670 2916 704 2940 vt
715 2918 784 2944 nos,
797 2905 836 2940 ad
849 2902 1002 2941 mensam.-

177 2956 227 2992 sed
237 2958 347 2994 calceis
357 2955 451 2995 exuti,
461 2959 492 2990 &
502 2954 639 3002 puluinis
648 2953 761 2992 innixi,
773 2952 942 2998 instantis
953 2953 1001 2988 se-

178 3002 322 3053 misupini
332 3004 488 3039 iacebant.

212 3055 254 3085 26
287 3056 346 3087 Cui
354 3065 401 3100 ego
410 3052 562 3086 §nunciam
570 3048 760 3091 buccellam.)
773 3047 879 3095 Siquis
886 3060 1002 3098 quaerat

181 3098 328 3144 quorsum
337 3099 498 3135 attinuerit
507 3098 653 3143 porrefta
668 3093 766 3129 offiila
777 3097 880 3133 notari
890 3099 1002 3143 prodi-

181 3156 394 3194 torem‚quum
404 3145 503 3194 poffet
513 3143 659 3181 Christus
669 3143 770 3188 palam
781 3155 855 3178 eum
865 3145 1001 3180 nornine

182 3192 359 3239 designare,
369 3195 390 3229 fl
404 3206 517 3230 notum
528 3191 588 3228 effe
598 3192 692 3226 vellet
715 3202 723 3223 ε
751 3187 930 3237 respondeo
939 3195 1002 3228 tale

182 3239 270 3274 fuisse
281 3239 342 3276 hoc
351 3242 504 3283 indicium
517 3254 582 3289 quo
595 3239 648 3274 vni
658 3237 780 3272 tantum
791 3238 1003 3274 innotesceret

180 3288 389 3334 Iudas‚neque
397 3290 498 3324 statim
509 3290 736 3336 produceretur
746 3286 779 3320 in
788 3287 935 3322 omnium
946 3291 1001 3322 (ὃ-

182 3336 494 3382 spec'tnrn.Caeterfim
504 3337 583 3371 vtile
592 3333 649 3369 fuit
662 3333 837 3368 iohannem
854 3335 947 3369 huius
957 3334 1002 3368 rei

122 3386 128 3389 Α
152 3412 159 3415 ,
182 3382 294 3418 testem
307 3381 432 3429 effe,qui
440 3384 508 3418 aliia
517 3383 623 3431 postea
632 3379 685 3414 suo
696 3391 842 3428 tempore
851 3380 1004 3428 pateface-

164 3436 167 3438 '
182 3441 242 3466 ret.
277 3428 435 3475 Consulto
447 3442 552 3467 autem
560 3428 706 3468 Christus
715 3428 1002 3466 manifestationem

1062 238 1144 272 ludae
1153 237 1348 286 distulit‚quu
1361 241 1478 287 aequius
1487 237 1620 274 ieramus
1630 240 1726 275 latere
1737 239 1888 288 hypocri-

1063 296 1111 320 tas
1121 286 1225 320 donec
1235 287 1393 322 trahantur
1405 289 1437 322 in
1449 289 1566 323 lucem.
1607 289 1764 323 Videmus
1777 290 1887 324 ludam

1063 333 1145 367 inter
1156 333 1235 366 alios
1246 333 1404 369 sedentem
1415 357 1425 374 ,
1451 335 1565 370 iudicis
1575 347 1680 371 tamen
1693 349 1749 370 ore
1758 338 1889 372 damna-

1063 381 1265 415 tum-Nihilo
1277 383 1392 416 melior
1402 383 1446 418 est
1459 395 1570 417 eorum
1581 385 1727 419 conditio
1737 385 1792 431 qui
1803 385 1886 420 inter

1063 428 1129 463 Dei
1142 427 1228 463 filios
1238 428 1346 464 locum
1358 442 1526 476 occupant.

1096 486 1137 521 27
1175 477 1304 511 Intrauie
1314 481 1345 510 in
1355 490 1420 512 eum
1430 479 1581 519 Satanas.)
1593 481 1704 527 Quin
1717 489 1836 514 certum
1850 478 1887 514 fit

1061 523 1186 557 nonnisi
1209 527 1325 558 Satanae
1344 524 1493 560 instinctu
1512 538 1634 564 tantum
1644 530 1661 562 a
1684 527 1757 561 luda
1768 539 1885 560 conce-

1061 583 1151 617 ptum
1162 569 1249 606 k‘uiise
1259 573 1345 607 nefas
1363 596 1374 612 ‚
1398 586 1452 608 cur
1463 586 1547 607 nunc
1565 574 1704 619 primum
1719 575 1834 609 dicitur
1851 575 1885 609 in

1061 619 1295 666 euniingreffus
1313 623 1424 659 Satan,
1444 622 1497 667 qui
1507 633 1641 668 regnum
1661 623 1693 656 in
1705 623 1770 657 eius
1787 624 1886 657 corde

1061 667 1123 700 iam
1135 671 1358 714 occupauerat?
1377 669 1499 705 Vei-sim
1511 681 1542 702 vt
1551 669 1628 716 saepe
1637 671 1764 705 credere
1773 671 1885 705 dicun·

1061 727 1112 747 tur
1125 716 1178 761 qui
1192 716 1225 749 in
1242 715 1305 750 fide
1321 729 1416 763 quam
1428 717 1549 762 pridem
1559 718 1718 752 habebant
1742 741 1753 757 ,
1783 717 1885 765 magis

1061 764 1300 803 confirmantur,
1315 765 1458 810 atqueita
1469 764 1541 799 fidei
1554 759 1684 800 accesfio
1698 776 1829 804 vocatur
1845 764 1885 799 fi-
1905 761 1908 765 ’

1060 810 1114 843 des
1124 824 1130 843 :
1144 812 1184 844 ita
1197 823 1279 846 nunc
1290 823 1388 858 quum
1405 813 1496 846 ludas
1507 816 1627 858 prorius
1636 815 1751 848 satana·
1761 813 1884 848 addici-

1059 866 1108 890 tur
1123 878 1134 895 ,
1156 869 1188 891 vt
1198 854 1316 893 furioso
1328 859 1447 904 impetu
1459 871 1594 905 rapiatur
1608 863 1644 895 ad
1655 873 1790 895 extrema
1801 873 1885 908 quae-

1059 916 1131 950 que,
1143 906 1257 939 dicitur
1271 907 1303 939 in
1316 918 1388 939 eum
1400 905 1549 954 ingressus
1566 910 1756 943 SatanNam
1770 919 1801 942 vt
1812 921 1885 955 gra-

1059 952 1156 986 datim
1168 952 1340 1000 proficiunt
1351 953 1459 990 saxi&i‚
1471 960 1498 989 δι’
1511 966 1663 1000 quatenus
1675 957 1767 990 nouis
1777 955 1884 990 subin-

1058 1000 1097 1033 de
1111 1000 1203 1035 donis
1216 1012 1370 1048 augentur
1380 1023 1390 1039 ,
1417 1003 1531 1048 Spiritu
1543 1001 1648 1037 saneto
1668 1004 1884 1039 dicunturim-

1057 1048 1135 1092 pleri
1155 1061 1162 1081 :
1189 1050 1229 1082 ita
1249 1061 1401 1095 quatenus
1414 1051 1463 1084 sua
1481 1051 1710 1097 ingratitudine
1720 1052 1798 1085 iram
1816 1051 1883 1086 Dei

1056 1097 1090 1128 in
1109 1096 1138 1129 se
1163 1097 1254 1142 impij
1272 1108 1447 1142 prouocauit
1471 1120 1481 1135 ,
1510 1098 1675 1133 Dominus
1693 1099 1807 1144 Spiritu
1828 1098 1883 1132 suo

1057 1143 1148 1177 omni
1161 1145 1289 1180 rationis
1307 1145 1395 1184 luce,
1417 1143 1711 1193 adeoqnehumano
1721 1145 1806 1180 sensu
1824 1157 1883 1180 uu-

1056 1193 1278 1230 datos,Sa.tanae
1289 1194 1456 1240 mancipat.
1496 1196 1571 1229 l-iaec
1583 1193 1747 1228 horribilis
1764 1194 1809 1229 est
1822 1194 1884 1228 Dei

1055 1241 1197 1274 vindi-fta
1219 1264 1229 1280 ,
1256 1242 1330 1276 dum
1349 1241 1497 1276 homines
1515 1243 1547 1275 in
1566 1240 1684 1277 sensum
1710 1242 1883 1288 reprobum

1057 1288 1220 1322 traduntur
1229 1312 1238 1328 ‚
1255 1301 1286 1324 vt
1297 1288 1376 1335 nihi)
1386 1287 1450 1324 fere
1467 1289 1483 1324 a
1493 1289 1666 1336 pecudibus
1677 1289 1821 1324 differant
1832 1303 1840 1323 :
1855 1290 1884 1323 i-

1058 1337 1158 1370 moin
1169 1335 1289 1385 flagitia
1300 1349 1389 1371 ruant
1399 1338 1415 1372 ὲ
1426 1337 1542 1385 quibus
1552 1337 1728 1372 abhorrent
1746 1337 1815 1384 ipsae
1827 1349 1884 1383 pei

1056 1385 1251 1431 cudes.Ergo
1262 1385 1294 1418 in
1306 1385 1422 1419 timore
1437 1386 1572 1420 Domini
1585 1384 1707 1420 solicite
1715 1385 1882 1420 ambulan-

1057 1431 1131 1466 dum
1143 1431 1185 1466 est
1195 1455 1204 1471 ,
1217 1445 1256 1466 ne
1268 1455 1277 1471 ,
1289 1432 1310 1466 si
1326 1433 1392 1467 eius
1404 1434 1582 1468 bonitatem
1593 1434 1710 1468 malitia
1721 1433 1824 1468 nostra
1834 1433 1884 1466 vi-‘

1055 1480 1333 1516 cerimus‚tandem
1345 1493 1404 1514 nos
1417 1482 1515 1515 tradat
1524 1483 1641 1516 Satanae
1653 1481 1791 1516 libidini.
1810 1482 1883 1515 (3ae-

1056 1527 1159 1562 terum
1179 1530 1322 1574 porse-&ca
1342 1528 1359 1562 a
1380 1527 1510 1563 Christo
1530 1527 1627 1562 offula
1637 1531 1754 1563 Satanae
1772 1529 1882 1562 locum

1055 1575 1189 1609 minin-ie
1200 1575 1298 1609 dedit:
1315 1574 1365 1610 sed
1384 1576 1489 1621 potius
1509 1576 1598 1610 ludas
1609 1588 1731 1622 accepta
1741 1574 1837 1611 offula
1852 1574 1883 1610 se

1054 1632 1159 1657 totum
1169 1625 1285 1657 Satanae
1296 1622 1438 1667 tradidit:
1449 1623 1519 1657 Fuit
1529 1623 1592 1658 haec
1603 1624 1736 1671 quidem
1746 1623 1881 1668 occasio,

1053 1666 1104 1704 sed
1118 1683 1182 1703 non
1194 1668 1287 1704 causa.
1300 1669 1448 1704 Debebat
1459 1671 1553 1705 etiam
1573 1669 1734 1718 plusquam
1745 1670 1881 1706 ferreum

1053 1719 1162 1763 pestus
1172 1728 1254 1752 tanta
1265 1717 1384 1752 Christi
1403 1718 1598 1765 indulgentia
1614 1719 1735 1753 molliri
1760 1732 1769 1752 ε
1797 1732 1882 1754 nunc

1053 1765 1210 1811 desperata
1221 1770 1250 1800 δε
1269 1765 1528 1820 ἰιῚΓαιῑαβὲἰίἱείυε
1539 1766 1710 1801 obstinatio
1730 1765 1793 1801 hoc
1813 1779 1882 1801 me.

1052 1825 1137 1847 retur
1148 1824 1180 1846 vt
1191 1813 1246 1846 suo
1265 1812 1346 1848 iusto
1434 1812 1450 1826 '⁸
1494 1815 1585 1849 Deus
1595 1826 1651 1849 cor
1661 1814 1746 1849 illius
1763 1825 1819 1860 per
1828 1817 1882 1849 Sa-

1052 1870 1158 1894 tanam
1170 1860 1271 1908 magis
1280 1861 1374 1894 indur
1409 1884 1418 1893 .
1450 1861 1479 1894 ic
1489 1862 1565 1895 dum
1577 1859 1808 1897 benefaciendo
1819 1861 1883 1896 ho-

1051 1906 1148 1941 stibus
1169 1907 1324 1941 carbones
1344 1907 1429 1954 ignis
1448 1909 1653 1954 congerimus
1665 1909 1697 1942 in
1709 1921 1822 1942 eorum
1833 1921 1881 1943 ca-

1051 1956 1115 2001 pita
1124 1977 1134 1993 ,
1161 1954 1181 1988 si
1193 1954 1316 2000 prorsus
1325 1952 1394 1989 sunt
1406 1953 1610 1992 insanabiles,
1637 1956 1738 2002 magis
1747 1965 1880 1988 vruntur

1051 2001 1181 2036 insnum
1193 1998 1337 2036 exitium.
1356 2013 1460 2047 neque
1470 2012 1576 2035 tamen
1587 2000 1650 2035 haec
1661 2000 1879 2035 beneficentiae

1051 2049 1164 2084 nostrae
1174 2052 1263 2096 culpa
1273 2049 1337 2088 est,
1361 2050 1435 2095 quia
1450 2046 1590 2094 ipsorum
1609 2048 1705 2082 corda
1714 2049 1752 2082 ad
1769 2061 1830 2082 nos
1846 2060 1878 2081 a-

1052 2097 1187 2131 mandos
1200 2096 1391 2132 inflammari
1400 2097 1556 2131 decuerat.
1574 2095 1668 2129 Falso
1677 2095 1798 2142 putauit
1809 2097 1877 2129 Au—

1053 2143 1193 2192 gustinus
1211 2143 1343 2178 offulam
1359 2143 1440 2177 hanc
1458 2141 1637 2189 symbolum
1655 2144 1713 2176 effe
1731 2142 1876 2188 corporis

1053 2191 1173 2226 Christi
1194 2205 1202 2226 :
1227 2191 1488 2239 quandoquidem
1499 2201 1581 2225 extra
1593 2191 1706 2224 Coeuae
1715 2190 1878 2224 affionem

1051 2241 1198 2285 porrecta
1214 2236 1283 2274 fuit.
1322 2239 1432 2275 Nimis
1450 2238 1526 2272 vero
1541 2234 1653 2272 insulse
1667 2237 1802 2272 delirant
1821 2237 1878 2284 qui

1052 2288 1216 2321 diabolum
1228 2285 1352 2334 fingunt
1362 2283 1619 2326 essentialiter-(vt
1629 2286 1876 2330 loquuntur)1u-

1052 2336 1124 2369 dam
1135 2333 1270 2368 intrasse.
1295 2346 1367 2368 narn
1387 2331 1587 2380 Euangelista
1597 2331 1722 2366 nonnifi
1741 2332 1780 2367 de
1796 2333 1828 2366 vi
1843 2337 1876 2368 δε

1052 2381 1191 2417 efficacia
1200 2380 1531 2428 loquitur.Monemur
1541 2391 1644 2414 autern
1656 2380 1719 2414 hoc
1730 2381 1877 2427 exemplo

1051 2428 1147 2476 quarn
1163 2426 1376 2463 formidabilis
1386 2440 1480 2474 poena
1499 2441 1556 2462 eos
1567 2440 1680 2462 omnes
1691 2439 1813 2462 maneat
1821 2429 1877 2473 qui

1051 2475 1191 2514 Domini
1200 2475 1355 2510 beneficia
1364 2474 1457 2509 abusu
1467 2474 1521 2509 suo
1531 2474 1707 2521 profanant.
1724 2475 1877 2522 Qdfi‘·

1051 2525 1149 2569 cisfac
1158 2527 1251 2558 citius.
1271 2524 1350 2560 Non
1362 2524 1402 2558 ita
1416 2524 1524 2557 ludam
1534 2524 1678 2557 hortatur
1688 2522 1831 2556 Christus
1842 2532 1875 2554 vt

1051 2571 1168 2608 censeri
1179 2570 1271 2618 possit
1281 2571 1553 2617 impulsor:potius
1561 2583 1622 2603 vox
1631 2569 1675 2605 est
1685 2568 1874 2603 detestantis.

1050 2622 1214 2655 Hactenus
1223 2619 1314 2652 illum
1323 2618 1417 2654 variis
1434 2619 1540 2652 modis
1550 2629 1698 2651 reuocare
1707 2615 1873 2654 studuerat,

1051 2668 1104 2702 sed
1114 2667 1201 2701 nullo
1211 2660 1367 2712 profectu.
1391 2677 1476 2699 nunc
1495 2676 1529 2699 vt
1545 2665 1711 2699 hominem
1728 2664 1874 2708 deplora-

1050 2727 1119 2750 tum
1129 2714 1310 2760 alloquitur,
1321 2712 1574 2758 Pereas,quando
1585 2712 1643 2744 tibi
1656 2711 1816 2744 decretum
1830 2709 1875 2745 est

1051 2763 1276 2810 perire.Atque
1285 2760 1318 2793 in
1330 2772 1364 2793 ea
1376 2772 1406 2794 re
1420 2759 1532 2794 iudicis
1542 2755 1652 2792 officio
1662 2755 1874 2804 fungitur‚qui

1051 2810 1149 2847 morti
1161 2807 1317 2843 adiudicat
1328 2818 1393 2840 non
1405 2819 1485 2851 quos
1503 2805 1613 2851 sponte
1622 2804 1764 2850 perditos
1775 2805 1873 2850 cupit,

1050 2859 1105 2895 sed
1115 2858 1168 2905 qui
1179 2857 1242 2890 iam
1251 2854 1302 2888 sua
1311 2855 1399 2899 culpa
1408 2851 1521 2898 seipsos
1531 2852 1786 2897 perdiderunt.1n
1796 2849 1874 2885 sum-

1050 2920 1100 2942 ma
1110 2929 1122 2944 ,
1130 2917 1195 2939 non
1205 2901 1344 2949 imponit
1354 2901 1437 2934 Iudae
1447 2898 1591 2934 Christus
1601 2898 1754 2945 pereundi
1765 2898 1873 2933 neces·

1050 2951 1232 2989 {itatenused
1241 2951 1336 2984 talem
1346 2947 1405 2982 effe
1414 2946 1596 2994 pronuntiat
1606 2946 1705 2994 qualis
1716 2949 1777 2981 iam
1786 2948 1873 2994 prius

1051 3011 1126 3037 erat.

1084 3049 1122 3081 28
1159 3044 1258 3080 Nemo
1267 3042 1532 3087 difinmbemium.)
1559 3041 1622 3076 Vel
1641 3041 1786 3076 nondum
1804 3042 1874 3077 aliis

1051 3095 1129 3131 locis
1140 3094 1286 3127 retulerat
1303 3090 1464 3125 lohannes
1473 3089 1550 3136 quid
1565 3090 1582 3124 ἒ
1591 3087 1722 3124 Christo
1732 3089 1873 3127 audisset,

1050 3144 1100 3178 vel
1110 3144 1152 3175 ita
1162 3138 1291 3186 perculsi
1300 3136 1426 3173 fuerunt
1438 3149 1471 3172 vt
1482 3149 1548 3171 non
1561 3136 1658 3171 essent
1667 3137 1807 3181 praesenti
1820 3137 1871 3169 sen

1051 3190 1164 3225 sunnio
1172 3188 1349 3221 Iohannem
1359 3182 1458 3232 ipsum
1468 3183 1636 3219 verisimile
1646 3184 1690 3220 est
1700 3182 1786 3218 fuifl'e
1797 3195 1872 3229 qua-

1052 3238 1073 3272 fi
1085 3247 1166 3271 extra
1176 3233 1206 3269 se
1217 3233 1508 3280 raptum-Ceterum
1520 3233 1607 3278 quod
1620 3243 1694 3266 tunc
1706 3231 1817 3264 accidit
1826 3230 1873 3283 di3

1052 3284 1173 3328 stipulis
1183 3305 1192 3320 ,
1205 3281 1280 3325 saepe
1289 3282 1321 3315 in
1331 3280 1545 3316 Ecclefiafieri
1556 3281 1725 3314 cernimus,
1739 3288 1771 3311 vt
1782 3288 1873 3323 pauci

1051 3332 1192 3368 fidelium
1203 3326 1377 3364 discernant
1393 3328 1572 3376 hypocritas
1582 3349 1593 3365 ,
1617 3337 1698 3373 quos
1710 3325 1874 3359 Dominus

1052 3381 1131 3415 clara
1139 3390 1218 3412 voce
1226 3377 1365 3412 damnat.

1086 3437 1126 3469 29
1157 3427 1191 3461 V
1191 3436 1203 3459 t
1216 3424 1397 3473 pauperibus
1422 3421 1540 3471 aliquid
1564 3418 1793 3511 ⁸⁴⁷ss)js²ti⁵
1810 3429 1873 3454 no·
