2310 3841
804 211 1025 253 CAPVT
1082 213 1226 257 xvn.
1810 241 1856 276 ψ

134 281 214 322 miffa
223 286 314 330 fungi:
324 295 383 329 quo
394 283 529 326 exempl&
543 283 697 318 docemur,
707 283 778 315 tanti
790 283 900 314 debere
912 282 999 324 nobis
1011 283 1066 314 ess'e
1079 286 1134 316 Dei
1151 287 1340 318 vocationem
1353 308 1361 322 ,
1373 294 1410 317 ne
1431 291 1486 329 qua
1495 284 1651 317 hominum
1673 285 1854 328 ingratitudo

133 334 287 374 impediat,
299 342 369 371 quin
381 339 534 371 pergamus
544 339 646 359 eorum
659 327 777 359 salutem
787 338 897 362 curare,
909 327 1036 367 quandiu
1048 338 1102 358 nos
1113 328 1168 359 illis
1178 333 1325 361 Dominus
1335 331 1455 362 destinat
1470 330 1626 362 ministros.
1643 332 1795 361 Credibile
1805 343 1854 362 au-

133 388 191 410 tem
202 376 252 410 est,
263 374 344 407 fuisse
355 379 409 406 iam
421 375 512 407 statim
522 373 619 414 primo
628 373 779 404 Sabbatho
789 372 901 414 aliquos
914 372 962 413 qui
975 371 1141 413 respuerent
1160 374 1252 404 sanam
1264 375 1427 407 doctrinam
1440 387 1448 407 ι
1460 375 1507 407 sed
1525 385 1585 406 non
1605 374 1720 407 obstitit
1734 375 1853 407 illorum

132 424 259 464 prauitas
270 420 341 461 quin
353 419 459 449 rediret
472 418 536 448 aliis
548 417 716 448 Sabbathis.

175 478 190 496 2
227 468 252 494 D
268 475 279 494 r
292 477 304 494 s
319 473 330 492 s
347 475 363 494 r.
375 475 393 493 rt
407 474 422 492 a
437 473 450 491 a
466 473 481 491 Α
495 473 511 492 τ
537 459 746 502 ‹38:1⁴ipruris.)
769 459 870 490 Primb
882 458 1220 502 refertLucas‚quaenam
1239 459 1326 492 fuerit
1342 462 1546 504 disputationis
1564 462 1671 494 summa
1690 470 1797 502 nempe
1808 464 1854 492 le-

133 507 194 540 sum
205 509 296 540 filiurn
305 510 410 542 Minae,
421 506 567 537 Christum
583 504 639 537 ess‘e
648 505 719 536 olim
731 502 899 545 promissum
910 505 937 534 in
950 508 1027 546 Lege
1038 509 1067 537 δε
1076 506 1244 546 Prophetis,
1255 507 1303 546 qui
1316 510 1419 537 mortis
1431 507 1481 537 sua:
1499 507 1638 539 sacrificio
1647 508 1773 548 expiauit
1783 517 1854 547 pec-

133 564 196 585 cata
206 552 319 588 mundi,
329 554 360 583 &
371 550 578 582 resurrectione
589 549 633 582 sua
644 549 777 580 iustitiam
792 559 824 580 ac
836 549 925 579 vitam
935 551 1032 581 attulit
1045 550 1168 580 :deinde
1178 551 1333 592 quomodo
1349 553 1518 590 probauerit
1534 551 1614 593 quod
1631 551 1766 583 docebat.
1788 553 1855 581 Hoe

132 597 291 629 secundum
304 596 468 626 membrum
482 595 577 635 priore
588 593 846 626 locotrastandum
863 592 1016 624 sumamus.
1038 594 1117 625 Dicit
1128 597 1218 625 Lucas
1229 593 1318 635 ipsum
1332 594 1480 636 disput-affe
1489 606 1521 626 cx
1534 597 1697 637 Scripturis:
1709 605 1781 638 ergo
1791 605 1853 626 non

134 641 186 673 nisi
197 651 232 672 ex
241 652 291 671 ore
301 642 358 671 Dei
369 639 500 680 petendae
511 639 646 670 suutfidei
659 639 861 678 probationes·
896 639 922 668 S.
935 638 971 669 de
982 639 1069 669 rebus
1085 639 1220 671 humanis
1238 638 1269 668 fit
1289 638 1476 680 disceptatio»
1488 650 1557 670 tunc
1575 641 1703 671 habeant
1721 639 1854 672 humanae

131 687 262 719 rationes
271 684 370 715 locum
382 696 388 715 :
402 684 429 714 in
441 683 509 714 fidei
520 683 589 714 verb
601 682 731 714 doctrina
743 704 751 716 ‚
762 682 819 712 sola
830 682 885 712 Dei
897 683 1059 713 authoritas
1069 693 1188 724 regnare
1200 682 1302 717 debet,
1312 693 1400 724 atque=
1410 685 1446 714 ab
1458 694 1489 714 ea
1502 683 1629 724 pendere
1639 695 1692 714 nos
1702 684 1855 715 conuenit·

132 734 266 762 fatentur
276 728 396 771 quidem
409 729 465 758 hoc
476 737 579 758 omnes
592 749 599 762 ,
611 726 853 768 acquiescendum
866 725 920 757 eff:
934 728 982 756 vni
994 729 1060 757 Deo
1075 727 1138 758 :sed
1149 728 1258 758 interea
1270 728 1353 767 pauci
1363 726 1424 758 sunt
1436 729 1485 769 qui
1496 729 1668 768 loquentem
1679 730 1709 759 in
1729 729 1857 769 Scriptu-

132 777 172 807 ris
181 774 311 805 audiant.
346 775 437 814 Atqui
448 771 466 802 st
476 771 635 803 valetinter
646 781 701 803 nos
710 771 782 802 istud
791 772 904 801 axioma
914 790 922 804 ,
939 772 1113 812 Scripturam
1125 771 1140 802 ὲ
1149 774 1217 802 Deo
1227 771 1385 811 profectam
1396 770 1451 803 csse
1463 784 1469 802 :
1483 782 1543 802 non
1554 772 1670 803 aliunde
1681 771 1817 803 sumenda
1828 783 1859 802 ε·-

133 828 179 851 tat
195 819 241 850 vel
260 817 389 849 docendi
398 816 444 847 vel
460 815 587 847 discendi
598 816 706 858 regula.
715 817 791 847 vnde
800 815 887 845 etiam
899 825 1015 856 apparet
1026 815 1112 856 quam
1130 815 1280 846 diabolico
1290 814 1388 846 furore
1397 825 1516 858 agantur
1526 816 1643 856 Papillae
1653 838 1660 850 ‚
1671 816 1737 847 crim
1749 821 1858 859 negant

134 873 170 895 ex
178 862 331 903 Scriptutis
341 857 418 903 posse
426 861 581 902 quicquam
592 861 664 890 certi
676 859 882 900 colligizatque
892 860 961 889 ideo
972 860 1155 891 contendunt
1166 859 1295 890 standum
1305 857 1360 890 effe
1371 861 1526 891 hominum
1537 859 1768 901 placitis.Qaero
1777 862 1857 894 enim

134 918 170 938 an
180 907 313 948 legitima
323 904 408 937 fuerit
421 915 514 936 necne
524 902 685 945 disputandi
698 914 771 934 ratio
782 913 868 944 quam
880 903 975 934 tenuit
994 904 1109 935 Paulus.
1128 903 1237 944 pudeat
1256 903 1354 935 saltem
1374 915 1425 935 eos
1436 926 1445 939 ,
1455 904 1519 945 plus
1539 906 1703 946 reuerentie
1724 905 1856 936 habitum

135 950 219 983 fuisse
229 951 322 982 verbo
332 949 455 981 Domini
466 949 495 978 in
509 958 598 990 gente
612 949 639 978 in
649 947 864 988 credula‚quam
875 947 965 978 hodie
974 949 1049 987 apud
1061 958 1112 978 eos
1122 948 1355 979 obtineat.1udaei
1365 949 1487 980 Paulum
1506 948 1664 979 admittunt
1673 970 1681 983 ‚
1694 952 1722 981 δε
1733 947 1830 981 ferunt
1841 948 1859 982 ὲ

135 995 290 1035 Scripturis
300 993 508 1034 disputantem:
519 993 575 1023 hoc
589 1002 642 1033 pro
658 991 878 1022 meroludrbrio
888 991 968 1022 ducit
979 994 1054 1033 Papa
1065 991 1195 1023 cumsuis
1205 992 1344 1022 omnibus
1356 994 1442 1026 ‚dum
1462 993 1608 1033 Scriptura
1619 992 1648 1022 in
1662 994 1790 1024 medium
1809 994 1859 1024 ad-

135 1039 252 1072 ducitur
263 1050 270 1069 :
280 1037 355 1079 quasi
366 1035 551 1077 fleitilloquus
562 1035 594 1067 stt
605 1036 665 1067 illic
675 1038 767 1068 Deus,
780 1038 812 1067 δε
824 1037 904 1066 vanis
914 1037 1089 1079 ambagibus
1099 1037 1187 1068 ludat.
1211 1039 1275 1067 Huc
1285 1038 1398 1068 accedit
1408 1037 1489 1079 qubd
1500 1037 1591 1068 hodie
1602 1038 1697 1068 multo
1713 1037 1859 1079 plnslucis

136 1085 166 1115 in
175 1083 331 1124 Scripturrs
341 1084 465 1115 extat‚&
475 1081 534 1111 illic
545 1081 652 1112 certior
660 1079 784 1122 refulget
797 1081 853 1112 Dei
865 1081 983 1115 veriraS,
993 1080 1079 1122 quam
1091 1083 1119 1112 in
1131 1084 1208 1123 Lege
1222 1084 1253 1112 δε
1265 1079 1429 1122 Prophetis.
1441 1092 1507 1112 nam
1521 1082 1548 1111 in
1559 1081 1720 1123 Euangelio
1731 1081 1771 1111 sol
1783 1081 1859 1112 iusti-

133 1126 319 1159 tiaeChristus
329 1125 416 1166 pleno
425 1122 538 1166 fulgore
548 1135 601 1156 nos
611 1125 727 1156 irradiat
737 1138 743 1154 ι
754 1135 814 1166 quo
827 1125 922 1155 minus
933 1124 1096 1156 tolerabilis
1108 1125 1148 1156 est
1157 1125 1419 1166 blasphemia,dum
1433 1125 1640 1157 certitudinem
1659 1125 1754 1156 adhuc
1763 1125 1859 1156 detra-

136 1172 213 1203 hunt
221 1171 337 1212 Papillae
347 1169 440 1202 verbo
452 1170 518 1200 Dei.
552 1174 616 1201 Nos
627 1169 699 1201 verb
707 1168 828 1199 sciamus
838 1191 846 1204 ,
858 1179 889 1200 vt
902 1180 960 1199 non
971 1170 1041 1199 alibi
1051 1168 1170 1201 fundata
1180 1169 1235 1201 effe
1244 1172 1337 1212 potest
1347 1169 1419 1203 fides
1428 1171 1516 1213 quarn
1529 1171 1558 1202 in
1567 1170 1661 1201 verbo
1670 1170 1806 1209 Domini,
1818 1170 1860 1202 ita

135 1217 167 1247 in
177 1216 318 1246 omnibus
327 1212 533 1246 controuerfiis
542 1224 599 1245 non
612 1212 660 1243 nist
671 1215 732 1244 eius
746 1213 917 1245 testimonio
927 1212 1060 1245 standum
1072 1213 1138 1245 effe.

178 1271 192 1299 3
227 1262 251 1289 A
265 1271 285 1290 n
299 1271 316 1289 Α
329 1271 344 1289 1²
358 1270 374 1290 r:
389 1269 407 1289 tt
419 1270 429 1289 r
442 1269 458 1288 a
474 1270 491 1288 n
506 1261 553 1299 s.)
588 1254 644 1289 Hic
654 1256 792 1288 summam
806 1259 851 1288 vel
862 1258 1022 1289 subiefturn
1035 1278 1043 1291 ,
1054 1258 1255 1301 vtloquuntur
1266 1278 1275 1294 ,
1286 1257 1488 1300 disputationis
1499 1256 1645 1290 describit:
1655 1268 1687 1288 ac
1695 1258 1754 1289 duo
1766 1265 1861 1290 mern-³

137 1303 191 1333 bra
200 1314 286 1344 ponit
297 1304 333 1333 de
343 1302 580 1341 Christochd
590 1313 656 1333 eum
666 1303 830 1342 oportuerit
841 1304 913 1334 mori
926 1305 957 1334 &
976 1302 1121 1343 resurgere
1133 1325 1141 1338 ‚
1160 1306 1191 1334 &
1208 1303 1289 1344 qubd
1307 1303 1423 1335 fitfilins
1441 1303 1534 1337 Mariae
1551 1303 1600 1344 qui
1619 1302 1773 1335 crucifixus
1789 1313 1859 1335 erati

139 1345 241 1386 Qum
260 1346 296 1377 de
305 1348 422 1378 Christo
431 1347 537 1389 agitur,
546 1347 599 1377 tria
609 1347 636 1376 in
647 1346 832 1387 quaestionem
846 1348 967 1378 veniunt
976 1366 985 1380 ,
996 1350 1041 1377 An
1053 1347 1097 1383 fit,
1106 1348 1172 1389 quis
1184 1346 1228 1382 sit,
1241 1351 1269 1380 δι
1281 1349 1373 1390 qualis
1385 1347 1428 1378 sit.
1450 1345 1479 1378 Si
1493 1348 1586 1379 Paulo
1601 1348 1753 1389 negotium
1764 1345 1861 1379 fuiffet

139 1403 207 1423 cum
217 1392 367 1422 Gentibus
378 1414 385 1424 ,
404 1389 516 1423 necesse
528 1389 622 1421 fuisset
632 1391 717 1421 altius
727 1390 838 1422 sumere
849 1390 1012 1422 exordium:
1021 1392 1087 1432 quia
1099 1392 1135 1422 de
1145 1391 1262 1423 Christo
1272 1392 1345 1423 nihil
1355 1393 1523 1424 audierant:
1534 1402 1588 1423 nec
1598 1391 1712 1433 profani
1724 1392 1861 1423 homines

139 1437 312 1477 concipiunt
323 1435 374 1465 fibi
384 1446 458 1476 opus
467 1434 523 1467 ell'e
533 1436 633 1475 aliquo
642 1435 815 1466 Mediatore.
849 1435 934 1476 Apud
945 1435 1057 1466 ludaeos
1070 1436 1154 1471 verb,
1164 1437 1273 1478 quibus
1291 1436 1446 1477 promissus
1456 1446 1515 1467 erat
1526 1438 1671 1468 Mediator
1680 1457 1689 1471 ,
1701 1447 1786 1476 caput
1803 1437 1861 1467 hoe

139 1480 326 1511 dubitatione
335 1481 467 1510 carebat:
478 1489 566 1520 quare
577 1479 682 1510 Paulus
692 1478 772 1519 quod
783 1480 916 1510 omnium
929 1479 1066 1512 consensu
1079 1492 1229 1520 receptum
1241 1492 1300 1513 erat
1312 1503 1320 1517 ,
1330 1480 1405 1523 quasi
1415 1480 1623 1521 superuacuum
1643 1481 1768 1511 emitur.
1797 1482 1863 1511 Cae-

139 1533 237 1555 terum
246 1524 314 1566 quia
331 1524 403 1555 nihil
415 1523 558 1555 difficilius
575 1532 635 1553 erat
643 1522 729 1563 quam
741 1523 960 1564 redemptorem
972 1523 1111 1563 agnosci&
1127 1525 1229 1555 Iudaeis
1240 1526 1331 1557 Iesum
1350 1525 1539 1556 crucifixum:
1555 1525 1738 1567 idebincipit
1755 1524 1862 1556 Paulus

137 1569 176 1599 ab
187 1568 240 1599 hac
251 1578 350 1609 parte,
359 1568 507 1598 Christum
523 1564 684 1606 oportuisse
693 1567 767 1596 mori
778 1579 784 1597 :
795 1578 826 1598 vt
838 1568 932 1598 crucis
950 1565 1164 1599 offendiculum
1173 1568 1190 1600 ὲ
1207 1570 1308 1599 medio
1319 1571 1413 1604 tollat.
1424 1580 1520 1611 neque
1528 1578 1626 1600 tamen
1637 1569 1796 1609 putandum
1808 1569 1861 1606 est,

138 1621 207 1642 eum
219 1610 347 1642 recitasse
363 1612 468 1642 nudam
478 1610 625 1641 historiam
636 1621 643 1640 :
653 1608 701 1640 sed
714 1610 889 1651 principium
900 1610 1056 1642 indubium
1066 1611 1151 1643 sumit
1163 1632 1171 1645 2
1183 1613 1276 1644 causas
1287 1612 1370 1644 fuiffi:
1381 1614 1549 1644 monstratas
1558 1624 1607 1645 cur
1616 1613 1763 1644 Christum
1773 1623 1862 1654 opor-

138 1665 226 1687 tuerit
236 1656 334 1696 pati&
345 1653 509 1696 resurgere:
522 1664 628 1692 nempe
639 1654 707 1695 quia
717 1654 752 1685 (le
762 1655 844 1685 ruina
861 1656 977 1696 generis
986 1656 1105 1686 humani
1118 1677 1126 1690 ‚
1137 1656 1174 1686 de
1191 1668 1313 1698 peccato
1324 1660 1355 1689 δε
1372 1658 1435 1688 eius
1452 1668 1542 1698 poena
1554 1679 1562 1692 ‚
1571 1659 1608 1688 de
1624 1658 1737 1688 iudicio
1746 1659 1817 1692 Dei,
1828 1659 1861 1688 δε

139 1710 243 1732 aeterna
259 1699 459 1742 quaimpliciti
474 1698 568 1730 sumus
579 1708 684 1728 omnes
696 1719 704 1733 ‚
715 1699 922 1729 maledictione
933 1700 1127 1731 concionatus
1138 1700 1182 1731 fit.
1201 1712 1266 1732 nam
1278 1704 1310 1733 δε
1321 1702 1378 1732 huc
1387 1712 1441 1731 nos
1459 1703 1607 1742 Scriptura
1616 1712 1736 1732 reuocat
1746 1722 1755 1735 ,
1766 1711 1858 1742 quum

139 1753 267 1775 mortem
279 1744 388 1774 Christi
399 1743 540 1783 praedicat.
550 1743 631 1773 Sicut
649 1742 732 1773 Isaias
745 1753 804 1774 non
814 1743 983 1783 simpliciter
993 1745 1167 1775 moriturum
1178 1744 1234 1777 esse
1244 1745 1391 1777 Christum
1405 1746 1477 1776 dicit
1488 1746 1552 1780 ,sed
1563 1744 1666 1777 diserte
1685 1747 1861 1786 exprimens,
1922 1782 1924 1784 v

142 1787 223 1825 Qia
241 1796 346 1817 omnes
355 1789 514 1816 errauimus
523 1805 531 1818 2
550 1788 579 1816 δε
591 1785 710 1826 quisque
721 1787 750 1815 in
769 1788 845 1816 viam
857 1785 933 1816 suam
954 1787 1132 1818 declinauit:
1153 1791 1254 1819 mortis
1265 1790 1376 1819 causam
1397 1791 1524 1831 affignat.
1542 1790 1626 1831 qubd
1642 1789 1769 1830 posuerit
1779 1792 1861 1820 Deus
1872 1781 2003 1840 fflss'bb‘·

142 1830 225 1870 super
243 1830 335 1871 ipsum
354 1829 461 1859 nostras
469 1832 602 1860 omnium
621 1829 805 1870 iniquitates:
817 1828 898 1871 qubd
910 1829 1061 1872 castigatio
1073 1831 1151 1870 pacis
1161 1832 1259 1862 nostrae
1269 1832 1301 1863 fir
1311 1832 1392 1873 super
1404 1844 1469 1863 eum
1479 1854 1489 1868 ,
1498 1843 1528 1864 vt
1537 1833 1632 1864 liuore
1643 1833 1857 1864 eius-sanemur:
1871 1821 1985 1872 02¹„[9‡5'

144 1875 227 1916 qubd
237 1883 355 1915 peccata
366 1874 510 1914 expiando
521 1894 529 1906 ‚
539 1872 700 1913 acquisierit
711 1873 798 1903 nobis
816 1873 965 1905 iustitiam.
1001 1877 1040 1905 [ta
1050 1876 1197 1906 &Daniel
1207 1877 1267 1908 vim
1278 1879 1308 1908 δέ
1327 1875 1454 1907 fructum
1472 1877 1573 1907 mortis
1589 1878 1805 1908 commemorat
1813 1888 1857 1909 ca·
1875 1878 1930 1907 [24.

142 1920 203 1959 pite
212 1928 293 1949 nono
305 1939 313 1952 ‚
322 1928 410 1959 quum
424 1917 494 1947 dicit
504 1916 729 1957 Obsrgnandum
743 1916 798 1947 esse
807 1927 957 1957 peccatum
966 1937 976 1952 ‚
987 1928 1020 1949 vt
1030 1917 1162 1950 succedat
1171 1929 1274 1952 aeterna
1294 1920 1408 1951 iustitia.
1423 1918 1464 1950 'Et
1483 1920 1560 1952 certe
1571 1920 1646 1950 nulla
1656 1921 1750 1960 aptior
1759 1921 1805 1952 vel
1815 1919 1860 1952 ef-

141 1962 261 1993 ficacior
281 1963 357 1992 ratio
369 1961 407 1992 est
426 1961 460 1991 ad
475 1961 659 2002 probandum
678 1961 783 1991 Christi
793 1962 920 1992 officium
932 1983 941 1997 ‚
958 1962 1046 2004 quam
1057 1963 1125 1994 dum
1137 1963 1272 1996 homines
1282 1965 1424 1997 malorum
1440 1963 1554 1995 suorum
1565 1963 1642 1995 sensu
1661 1964 1860 1996 humiliatini-

142 2007 186 2038 hil
196 2006 253 2048 spei
264 2006 407 2048 reliquum
416 2004 472 2036 esl'e
484 2005 584 2036 vident
593 2025 601 2039 ,
611 2004 660 2034 nisi
671 2004 778 2036 Christi
787 2005 923 2037 sacrificio
933 2006 1173 2040 reconcilientur.
1203 2011 1287 2041 Tunc
1295 2009 1424 2051 deposita
1434 2008 1564 2050 superbia
1574 2007 1739 2050 suppliciter
1750 2008 1861 2050 ample-

143 2061 247 2083 xantur
255 2051 316 2081 eius
327 2060 444 2081 crucem
454 2071 463 2084 ‚
473 2049 556 2081 cuius
565 2048 630 2080 ante
640 2059 691 2079 eos
702 2049 831 2090 pudebat
839 2060 872 2080 ac
889 2051 1020 2092 pigebat.
1054 2053 1131 2093 Ergo
1140 2052 1175 2082 ad
1185 2052 1301 2084 eosdem
1315 2053 1402 2084 hodie
1412 2052 1510 2084 fontes
1522 2053 1622 2084 venire
1631 2063 1685 2083 nos
1702 2054 1789 2085 decet
1799 2075 1808 2088 ‚
1825 2062 1860 2084 ex

144 2096 254 2136 quibus
261 2095 366 2126 Paulus
377 2094 480 2124 mortis
491 2096 520 2124 &
531 2092 748 2124 resurrectionis
759 2096 780 2124 C
789 2094 867 2125 bristi
877 2095 1085 2134 probationem
1096 2096 1225 2129 deduxit.
1245 2097 1297 2129 Illa
1308 2107 1403 2128 autem
1413 2097 1547 2129 definitio
1564 2096 1722 2137 plurimum
1733 2097 1806 2129 lucis
1817 2107 1861 2128 at-

143 2140 212 2171 tulit
222 2137 348 2171 secundo
359 2140 528 2179 capiti.Non
538 2149 595 2168 tam
606 2136 689 2167 facile
700 2148 758 2169 erat
769 2139 860 2169 Paulo
871 2139 1009 2169 euincere
1018 2161 1028 2175 ,
1039 2142 1069 2171 &
1087 2140 1168 2171 certb
1177 2141 1320 2184 colligere
1344 2141 1435 2172 filium
1445 2141 1540 2182 Miriae
1557 2138 1612 2172 esse
1622 2141 1768 2172 Christum
1780 2163 1790 2176 ‚
1807 2140 1860 2171 nifi

144 2183 226 2225 prius
236 2183 333 2214 edocti
345 2181 434 2214 essent
445 2181 633 2221 xudaeiqu.1lis
645 2183 823 2224 Redemptor
833 2183 989 2223 sperandus
999 2181 1083 2214 foret.
1094 2183 1151 2214 Vbi
1161 2185 1233 2218 verb
1243 2186 1313 2217 illud
1325 2185 1559 2218 constantanrflm
1569 2184 1692 2226 superest
1700 2186 1735 2217 ad
1745 2184 1864 2216 christu

144 2228 291 2269 applicare
301 2238 363 2268 quae
373 2227 516 2267 Scriptura
526 2226 680 2256 Mediatori
692 2227 950 2258 tribuit-Caeterum
963 2227 1020 2258 haec
1029 2227 1097 2259 fidei
1107 2229 1207 2260 nostrae
1217 2228 1323 2262 summa
1333 2230 1373 2261 est
1382 2252 1391 2265 ‚
1399 2240 1431 2261 vt
1440 2229 1531 2261 filium
1542 2230 1636 2261 Mariae
1645 2228 1766 2262 sciamus
1776 2231 1864 2261 Chri-

145 2272 220 2303 stum
231 2275 260 2303 δε
271 2272 465 2301 Mediatorem
478 2270 558 2300 illum
569 2268 625 2300 effe
635 2291 644 2304 ‚
655 2279 742 2310 quem
753 2273 835 2302 Deus
851 2271 984 2302 abinitio
992 2271 1132 2313 promisit.
1143 2272 1252 2305 deinde
1272 2284 1423 2306 teneamus
1433 2272 1566 2316 quorsum
1577 2283 1711 2306 mortuus
1726 2273 1760 2306 fit
1770 2276 1801 2307 δε
1816 2284 1862 2305 re-

142 2314 343 2346 surrexeritzne
355 2313 497 2356 fingamus
506 2315 594 2344 nobis
603 2323 749 2345 terrenum
761 2317 888 2356 aliquem
900 2315 1072 2357 Regemrsed
1082 2317 1110 2347 in
1121 2328 1159 2348 eo
1171 2317 1346 2358 spiritualem
1356 2318 1535 2350 iustitiam&
1545 2328 1651 2349 omnes
1662 2317 1757 2350 salutis
1767 2327 1864 2360 partes
1907 2341 1911 2345 -

146 2359 411 2401 quaeramus.Qod
422 2368 566 2398 vrrunque
575 2357 680 2388 dicitur
689 2359 794 2388 Paulus
805 2369 838 2389 ex
848 2360 1002 2398 Scripturis
1012 2359 1158 2401 probasse,
1169 2360 1315 2393 sciendum
1328 2363 1367 2394 est
1377 2361 1627 2394 rudaeosnondum
1639 2362 1676 2393 ira
1686 2360 1766 2394 fuiffe
1775 2363 1864 2402 stupi-

146 2405 270 2439 dos‚nec
281 2413 360 2434 tanta
371 2412 459 2434 etiam
472 2402 650 2443 impudentia
659 2403 837 2443 praeditos,vt
849 2403 938 2434 hodie
949 2403 1123 2436 sunr.Potuit
1134 2414 1169 2435 ex
1177 2405 1321 2437 sacrificiis
1337 2410 1368 2438 ὃς
1383 2417 1448 2437 toto
1465 2406 1561 2448 Legali
1573 2406 1653 2437 cultu
1663 2406 1767 2438 Paulus
1777 2415 1862 2446 argu-

146 2458 246 2479 menta
256 2452 367 2478 lomere
378 2457 438 2488 quae
448 2446 535 2477 hodie
545 2445 631 2477 ludaei
642 2447 748 2478 canino
759 2446 831 2477 ric'tu
844 2447 1001 2488 excipiunt.
1014 2449 1113 2486 Qam
1124 2449 1244 2490 indigne
1254 2451 1380 2484 lacerent
1389 2461 1422 2481 ac
1431 2460 1621 2491 corrumpant
1629 2451 1701 2480 alios
1711 2450 1860 2490 Scripturae

147 2491 310 2527 l⁰C0⁵‚s³ti⁵
320 2501 422 2522 norum
435 2491 483 2521 est·
494 2502 565 2522 tunc
575 2488 647 2521 verb
658 2490 819 2531 aliquaillis
833 2491 955 2522 restabat
965 2492 1251 2534 ingenuitaszaliqna
1269 2496 1354 2526 eriam
1370 2495 1521 2536 Scripturae
1535 2495 1696 2524 reuerentia
1715 2503 1767 2524 eos
1776 2504 1858 2524 tene·
1869 2496 1965 2530 2.Cer‘.,-,›

147 2536 243 2567 batzvt
253 2547 310 2566 non
322 2533 531 2577 proi-suseffent
543 2533 696 2565 indociles.
711 2535 800 2567 hodie
819 2535 952 2568 velamen
971 2534 1053 2580 super
1066 2547 1228 2568 cereorum
1240 2539 1365 2582 positum
1376 2538 1415 2569 est
1424 2560 1434 2574 ,
1446 2549 1476 2570 vt
1492 2539 1523 2568 in
1535 2537 1608 2568 clara
1618 2537 1682 2569 luce
1693 2537 1787 2570 nihilo
1797 2536 1861 2578 plus
1872 2525 1886 2549 ἀ
1899 2534 1926 2556 ¹5·

146 2580 233 2623 quam
243 2581 325 2621 talpoe
334 2579 462 2611 videant.

180 2638 198 2661 4
233 2624 282 2664 Q
291 2636 298 2653 r
308 2636 328 2654 r>
336 2635 376 2654 AM
387 2633 421 2653 ex
431 2625 472 2654 eis
481 2618 751 2664 crediderunt.)l-1ic
760 2621 891 2654 videmus
902 2620 1025 2655 fructum
1036 2623 1162 2655 Paulinae
1170 2623 1381 2665 disputationis.
1394 2624 1493 2656 Palam
1514 2624 1634 2667 quidem
1644 2623 1782 2656 omnibus
1791 2634 1860 2665 pro·

149 2669 232 2700 bault
242 2669 334 2699 lesum
347 2667 402 2699 effe
410 2667 578 2700 Christum>
589 2667 759 2708 quiPatrem
771 2667 857 2698 nobis
866 2665 911 2698 sua
928 2679 1022 2699 morte
1039 2669 1181 2710 placauit,
1200 2671 1230 2700 δι
1242 2669 1324 2709 cuius
1339 2667 1509 2700 resurrectio
1527 2670 1583 2702 vita
1599 2671 1637 2701 est
1648 2669 1759 2701 mundi.
1770 2668 1860 2710 aliqui

149 2722 250 2743 tamen
269 2711 360 2742 solum
381 2721 418 2742 ex
433 2712 534 2742 Iudaeis
552 2712 676 2742 credunt
692 2722 699 2740 :
717 2711 821 2752 reliqui
838 2713 990 2743 caecutiunt
1007 2714 1036 2743 in
1055 2712 1128 2743 clara
1139 2713 1206 2743 luce
1226 2733 1235 2746 ‚
1254 2715 1285 2743 Sc
1304 2712 1395 2744 surdis
1415 2715 1535 2744 auribus
1550 2713 1695 2755 repellunt
1711 2723 1816 2744 certam
1828 2715 1861 2745 δέ

150 2755 282 2787 testatam
292 2755 458 2785 veritatem.
492 2757 560 2785 Hoc
569 2765 689 2796 quoque
700 2765 801 2786 notatu
812 2755 930 2797 dignum
941 2757 981 2787 est
991 2778 998 2791 ‚
1011 2755 1090 2798 qubd
1100 2766 1189 2796 quum
1202 2765 1234 2786 ex
1243 2756 1346 2786 Iudaeis
1357 2758 1443 2797 pauci
1458 2758 1635 2789 crediderint
1645 2777 1654 2791 ‚
1671 2768 1772 2799 magna
1782 2758 1865 2789 Grae-

151 2809 254 2830 corum
265 2797 438 2833 multitudo,
447 2798 495 2839 qui
504 2797 593 2839 longe
602 2799 777 2829 remotiores
787 2809 866 2830 erant
875 2817 884 2833 ⁵
894 2800 928 2831 ad
938 2798 1028 2832 fidem
1037 2800 1157 2832 accessit.
1176 2799 1324 2838 Qorsum
1336 2800 1351 2830 ὲ
1360 2801 1481 2841 pueritia
1490 2801 1568 2833 dicas
1579 2802 1711 2832 imbutos
1720 2799 1799 2832 ruisse
1811 2800 1850 2831 do
1860 2818 1867 2827 ·
1889 2828 1894 2833 .

152 2844 245 2875 &rina
255 2841 352 2884 Legis,
363 2840 412 2871 nisi
424 2853 454 2872 vr
465 2842 480 2872 a
489 2844 556 2872 Deo
566 2841 626 2884 ipso
637 2844 728 2884 magis
736 2843 822 2873 alieni
833 2842 929 2875 forent
940 2849 952 2876 ?
963 2848 1022 2875 Iam
1035 2854 1105 2886 ergo
1115 2843 1292 2874 documenta
1302 2844 1365 2875 eius
1380 2845 1512 2885 cecitatis
1521 2864 1530 2878 ,
1541 2855 1628 2887 quarn
1639 2845 1694 2876 illis
1706 2844 1804 2885 saepius
1813 2845 1864 2879 de-

152 2888 289 2919 nuntiant
299 2886 491 2925 l’rophetaejn
505 2887 559 2917 illis
568 2889 650 2917 Deus
660 2888 746 2918 edere
757 2890 1007 2926 coeperar.Foedus
1016 2887 1092 2920 tarne
1101 2886 1180 2918 suum
1193 2898 1251 2918 non
1263 2886 1318 2918 esse
1329 2888 1442 2918 irritum
1452 2889 1481 2918 in
1492 2899 1528 2919 eo
1538 2889 1757 2930 declaranquzed
1766 2888 1864 2920 saltem

152 2932 270 2974 aliquos
280 2940 312 2960 ex
323 2930 374 2960 illo
383 2930 495 2971 populo
504 2929 574 2961 adse
584 2932 740 2972 colligit‚vt
749 2933 777 2961 in
788 2931 916 2973 reliquiis
925 2933 1053 2978 gratuitb
1063 2931 1177 2962 seruatis
1185 2931 1300 2962 luceant
1310 2931 1699 2975 electionisscintilleDot-et
1711 2935 1796 2964 etiam
1809 2936 1865 2964 Lu·-

155 2987 202 3007 cas
214 2986 273 3006 non
283 2975 524 3005 eatenusrantum
536 2974 622 3006 fidem
635 2975 762 3007 habuisse
771 2976 852 3006 Pauli
861 2977 1000 3012 verbis,vt
1012 2975 1119 3017 frigido
1130 2974 1234 3006 assensu
1245 2974 1514 3008 subscriberent:sed
1524 2976 1625 3008 serium
1636 2976 1767 3008 affl-crum
1779 2976 1863 3008 resta-

155 3030 201 3051 tos
209 3018 300 3050 fuisse.
311 3019 390 3059 qubd
399 3019 489 3048 Paulo
500 3021 530 3050 δι
543 3019 668 3050 Srlaesese
678 3020 868 3052 adiunxerunt
883 3031 1020 3062 tanquam
1029 3019 1170 3054 comites,
1180 3029 1268 3060 atque
1286 3020 1414 3061 ingenua
1431 3021 1583 3063 Euangelij
1599 3020 1773 3063 professione
1791 3023 1820 3052 in
1831 3021 1859 3052 se

156 3073 351 3104 prouocarunt
369 3065 465 3104 gentis
474 3062 520 3104 sue
529 3065 604 3095 odra.
614 3064 684 3104 quid
695 3065 772 3093 enim
784 3064 834 3094 libi
844 3065 903 3095 vult
914 3065 973 3096 haec
982 3064 1140 3098 adiunctio,
1151 3063 1201 3093 nisi
1212 3061 1293 3105 quod
1304 3062 1419 3104 profeffi
1428 3063 1488 3095 sunt
1499 3064 1551 3096 fibi
1567 3066 1685 3107 probari
1705 3077 1790 3107 quam
1803 3076 1858 3096 tra-

157 3107 244 3138 debat
253 3107 426 3141 doctrinam,
439 3109 470 3137 δε
479 3105 505 3136 se
515 3107 531 3136 ὲ
539 3119 582 3148 ραι
591 3109 669 3138 tibus
679 3110 740 3137 eius
750 3107 830 3138 stare?
840 3109 912 3140 nihil
922 3110 999 3140 enim
1011 3107 1077 3138 fidei
1089 3108 1180 3147 magis
1196 3106 1344 3138 aduersum
1354 3127 1363 3141 ‚
1373 3107 1459 3148 quam
1469 3107 1487 3138 fi
1497 3111 1594 3152 agnita
1602 3111 1657 3141 Dei
1668 3121 1787 3141 veritate
1800 3130 1807 3143 ,
1817 3109 1861 3138 su-

158 3149 248 3191 spensi
260 3160 354 3182 tamen
365 3154 397 3183 &
407 3152 494 3192 medi)v
504 3152 651 3182 haeremus.
675 3152 702 3181 Si
712 3154 776 3193 quis
786 3162 931 3195 exponere
943 3153 1033 3186 malit,
1043 3150 1122 3193 qubd
1134 3151 1222 3181 Paulo
1232 3154 1262 3182 δε
1274 3151 1335 3181 Silae
1343 3150 1508 3184 adhaeserint
1525 3154 1652 3185 discendi
1663 3154 1800 3188 studium
1810 3152 1863 3182 do-

159 3195 199 3225 mi
208 3192 374 3226 familiarius
384 3195 489 3226 institui
500 3193 693 3232 possent-jode
703 3197 790 3227 etiam
803 3198 885 3227 viuus
895 3197 964 3227 fidei
975 3197 1057 3227 ardor
1066 3205 1183 3234 apparet
1195 3195 1346 3235 &semper
1358 3195 1431 3228 illud
1442 3207 1538 3230 manet
1547 3198 1805 3234 fixurmNeminem
1816 3207 1866 3230 νε·

159 3238 312 3270 reChristo
323 3238 505 3271 c=edere.mfi
515 3241 563 3280 qui
575 3239 601 3270 se
612 3239 652 3270 illi
663 3240 816 3275 addicit,&
826 3241 919 3273 libere
929 3239 1063 3270 concedit
1072 3238 1124 3269 sub
1134 3239 1195 3269 eius
1206 3240 1328 3280 lignum.

193 3285 439 3314 Rmoiosoium
451 3285 603 3314 hominum
613 3285 777 3317 Graecorurn
788 3283 977 3322 multitudo.)
999 3285 1034 3313 Hi
1055 3283 1121 3324 quia
1138 3283 1318 3315 imbiberant
1336 3283 1451 3326 pietatis
1466 3284 1631 3316 rudimenta
1642 3306 1650 3320 ‚
1666 3283 1817 3325 propiores
1835 3293 1865 3316 e-

159 3337 223 3358 rant
232 3336 324 3367 regno
334 3328 387 3356 Dei
398 3327 480 3367 quom
492 3327 540 3367 ali)
551 3338 598 3368 qur
609 3327 717 3365 semper
729 3329 872 3361 iacuerant
883 3331 910 3358 in
921 3327 1150 3366 superstitionum
1162 3337 1261 3359 coeno.
1278 3329 1420 3369 Qeritur
1432 3334 1528 3359 tamen
1543 3329 1620 3360 vnde
1631 3328 1735 3362 religio
1744 3330 1864 3361 Graecis,

161 3371 210 3412 qui
221 3369 318 3408 impiis
329 3373 472 3401 erroribus
483 3374 513 3403 δε
526 3371 633 3401 delirris
644 3370 851 3406 fal'cinatiDeo
860 3371 972 3413 prorsus
983 3371 1382 3411 carebantzquemadmodum
1395 3372 1500 3403 Paulus
1510 3372 1594 3402 docet
1605 3382 1629 3401 2.
1639 3372 1673 3401 ad
1684 3372 1862 3414 Ephescapi-
1876 3367 1977 3400 ῈΡΒθῐ-κ-

160 3425 200 3446 te.
223 3413 279 3445 Sed
288 3412 433 3444 sciendum
443 3415 492 3450 est,
502 3426 678 3456 quocunque
690 3416 822 3446 locorum
832 3414 937 3457 expulsi
946 3414 1058 3446 fuerant
1075 3414 1182 3450 Iudaei,
1192 3414 1343 3456 dispersum
1356 3413 1436 3447 fuisse
1454 3417 1572 3455 aliquod
1591 3415 1704 3455 pietatis
1716 3415 1821 3450 semen,
1831 3421 1862 3450 ὃς
1875 3410 1926 3426 εἠ“

162 3459 284 3489 odorem
296 3458 418 3496 purioris
435 3458 570 3490 doetrinae
587 3457 668 3489 fuisse
691 3458 832 3492 diffusum.
864 3462 909 3492 Sic
920 3459 997 3490 enim
1014 3458 1176 3490 admirabili
1194 3461 1250 3490 Dei
1271 3459 1392 3491 consilio
1410 3480 1418 3493 ‚
1438 3459 1535 3489 misera
1553 3470 1654 3490 eorum
1673 3461 1816 3502 dissipatio
1833 3464 1864 3492 in

161 3511 338 3532 contrarium
348 3500 435 3531 finem
448 3503 523 3532 versa
535 3514 604 3537 erat,
615 3514 645 3534 vt
656 3513 744 3543 vagos
753 3506 784 3535 &
795 3499 924 3545 palantes
933 3503 962 3533 in
973 3503 1122 3534 erroribus
1131 3501 1165 3532 ad
1176 3504 1282 3534 restam
1293 3502 1381 3534 fidem
1393 3512 1573 3544 aggrcgnet·
1590 3502 1644 3532 Etsi
1655 3515 1752 3535 autem
1765 3507 1865 3536 multis

161 3546 256 3588 prauis
263 3546 440 3577 commentis
449 3547 526 3588 apud
534 3558 585 3579 eos
595 3557 714 3590 quoque
724 3547 822 3579 vitiata
831 3559 892 3580 erat
901 3547 1085 3592 religiozquia
1095 3556 1195 3580 tamen
1203 3546 1354 3589 plerosque
1365 3546 1527 3579 Gentilium
1539 3546 1654 3578 taederet
1664 3547 1713 3580 suae
1723 3551 1862 3591 amentiq,

1451 3592 1480 3622 N
1525 3590 1567 3640 iiij
