2310 3841
383 217 450 262 106
1037 198 1114 243 IN
1156 193 1362 242 ACTA
1419 190 1643 240 APOST.

436 285 532 321 vim
545 290 718 315 Arunsrvn
729 285 833 312 eorum
841 275 950 321 regio.)
963 272 1068 317 Qum
1079 271 1184 320 aperto
1195 285 1288 307 marte
1297 275 1404 317 Tyrios
1414 276 1445 307 δι
1454 273 1598 306 Sidonios
1606 272 1728 316 aggredi
1740 271 1936 306 commodum
1947 274 1989 307 illi
2001 286 2062 308 non
2074 275 2147 311 esset

393 339 542 364 annonam
553 327 611 359 illis
621 337 656 358 ex
664 336 758 367 regno
769 324 819 356 suo
829 323 981 365 importari
991 332 1083 355 vetat.
1105 325 1169 357 Ita,
1180 320 1240 351 sine
1258 320 1317 352 vlla
1335 329 1423 351 manu
1441 321 1474 350 δε
1491 319 1698 362 copiis‚lenta
1713 318 1871 351 obsidione
1887 318 2146 363 ipsospremebat.

393 373 518 416 Angusti
531 372 611 404 enim
623 381 704 404 erant
712 369 860 412 vtriusque
870 368 951 401 vrbis
959 367 1034 399 fines
1045 389 1054 404 ,
1064 370 1096 399 &
1105 376 1173 409 ager
1182 364 1285 396 sterilis
1294 387 1306 400 0
1315 368 1407 407 quum
1418 373 1544 408 magnus
1552 363 1681 406 populus
1689 363 1814 396 alendus
1836 363 1915 396 ess'et.
1940 368 2027 398 Fame
2041 368 2146 409 itaque

396 419 505 450 domiti
514 416 683 459 suppliciter
695 425 797 458 pacem
808 423 934 456 petunt,
943 412 1062 445 neciam
1072 410 1240 454 gratuitam.
1263 419 1360 451 neque
1371 409 1451 440 enim
1463 408 1588 442 dubium
1600 430 1610 444 ,
1620 410 1694 450 quin
1703 409 1784 452 leges
1794 408 1851 440 illis
1865 409 1976 441 fuerint
1992 411 2146 453 impofitae:

396 465 430 496 δε
443 475 457 493 Β
465 474 502 494 ιιι
511 473 523 492 s
532 473 595 494 rvir
604 462 702 497 istum,
711 460 796 492 cuius
804 459 942 490 meminit
949 461 1115 492 Lucas,non
1127 454 1214 487 nudis
1226 454 1324 486 verbis
1332 452 1415 486 fuisse
1426 453 1587 496 persuasum
1598 452 1659 488 ‚sed
1670 454 1845 485 muneribus
1857 454 2015 487 delinitum
2027 466 2059 487 vt
2068 459 2150 498 pacis

396 505 467 539 esset
477 508 623 550 interpres
633 528 643 543 ,
655 504 801 538 credibile
811 503 862 536 est.
883 506 945 535 Cur
954 501 1071 534 Erasmo
1080 499 1172 534 visum
1192 499 1283 532 fuerit
1295 521 1305 535 ,
1315 498 1397 531 secus
1416 499 1496 530 hunc
1515 499 1617 531 locum
1636 497 1798 530 transferre
1816 499 1904 541 quam
1924 501 2013 532 verba
2023 496 2145 538 sonant.

400 551 511 584 nescio.

427 608 456 628 21
501 598 635 631 Sta-rvr
643 608 659 627 Α
669 603 770 627 autem
781 587 860 636 die.)
877 594 985 624 Pacem
995 589 1091 632 Tyriis
1101 590 1132 621 δε
1141 587 1274 619 Sidoniis
1284 587 1380 620 datam
1396 587 1495 620 retulit
1504 590 1596 620 Lucas
1611 609 1619 622 ‚
1629 587 1698 628 quia
1708 586 1770 618 haec
1787 587 1862 629 Regi
1881 587 1997 620 occasio
2015 587 2073 622 fuit
2094 589 2148 622 ha-

393 640 499 673 bendae
508 642 664 673 concionis
674 662 683 677 ‚
693 640 797 682 procul
805 638 912 673 dubio,
921 647 951 669 vt
963 646 1014 667 eos
1024 634 1077 666 sibi
1085 634 1115 665 in
1125 633 1274 675 posterum
1285 633 1435 664 obnoxios
1446 633 1594 665 redderet·
1619 634 1702 663 Extat
1714 631 1817 663 eadem
1836 632 1954 665 historia
1970 634 2050 676 apud
2068 633 2151 668 lose*-

394 687 488 728 phum
499 685 579 717 libro
590 685 807 728 Antiquitatum
818 682 937 714 decimo
948 691 1041 712 nono:
1051 679 1102 711 nisi
1114 678 1198 721 qubd
1205 678 1319 720 vbique
1327 678 1490 721 Agrippam
1509 677 1644 708 nominat
1658 697 1667 711 2
1676 677 1725 718 qui
1738 675 1753 707 a
1764 679 1842 708 Luca
1857 687 1980 710 vocatur
2000 680 2147 712 Herodes.

392 729 560 762 Verisimile
574 731 615 762 est
623 731 759 777 Agrippae
768 724 1023 768 nomenjllrfuiffe
1033 725 1187 767 proprium
1198 745 1207 759 ‚
1219 733 1275 754 nec
1283 723 1366 754 aliter
1377 733 1517 756 vocatum
1528 721 1586 753 effe
1596 743 1606 758 ‚
1615 722 1745 763 quandiu
1756 722 1887 762 priuatus
1895 723 1967 755 vixit
1976 735 1983 754 t
1992 725 2149 767 postquam

391 775 465 808 vero
475 786 600 820 regnum
608 775 734 818 adeptus
743 774 795 808 est,
804 772 979 816 dignitatem
990 771 1101 812 regiam
1113 779 1146 801 ex
1156 768 1203 800 aui
1214 768 1338 799 nomine
1348 765 1518 810 captasseJn
1527 777 1558 799 re
1567 767 1688 810 quidem
1701 765 1756 806 ipsa
1768 770 1799 798 δε
1811 767 2038 801 circumstantiis
2049 771 2149 802 omni-

394 821 451 852 bus
463 843 470 856 ,
480 823 572 853 mirus
582 820 623 852 est
634 819 874 852 consensusinter
883 816 1040 858 Iosephum
1051 817 1082 846 8<
1094 817 1212 846 Lucam.
1237 813 1371 844 Primum
1383 832 1393 848 ³
1402 813 1518 844 deloco
1529 813 1681 843 conuenit.
1708 812 1823 843 Vestem
1835 810 1977 853 Iosephus
1994 814 2067 846 dicit
2075 826 2149 847 auro

392 861 480 898 fuisse
490 859 659 901 contextam
671 885 680 900 ‚
691 875 752 907 quat
760 862 829 895 solis
838 862 924 895 radiis
934 857 1065 904 percussa
1077 879 1086 894 ‚
1098 859 1178 890 suum
1187 857 1337 900 fulgorem
1349 857 1472 889 viciffim
1483 857 1620 889 redderet
1631 867 1640 886 .-
1651 866 1796 897 arreptam
1809 854 1892 888 fuisse
1911 858 1988 890 hanc
2004 858 2099 890 ansam
2109 860 2148 891 a‘b

394 911 517 948 aulicis,
528 921 560 944 vt
570 910 658 942 deum
669 908 884 941 consalutarent
895 918 902 938 :
913 905 1012 937 subito
1022 904 1128 937 vulnus
1138 901 1271 935 illifuisse
1281 902 1425 934 inflistum
1438 914 1451 942 3
1458 905 1530 945 quin
1541 902 1628 933 etiam
1639 901 1794 933 bubonem
1806 900 1888 933 fuisse
1901 901 1991 934 visum
2004 926 2013 940 ,
2022 902 2084 934 funi
2102 904 2150 936 in-

392 955 540 988 sidentem
551 955 633 999 supra
644 952 920 997 caput‚quifuturae
930 951 1020 984 cladis
1029 947 1100 981 esset
1113 948 1302 990 praenuutius.
1324 946 1411 978 Adeo
1421 958 1520 979 autem
1540 957 1600 977 non
1617 946 1735 978 dubitat
1749 946 1918 989 sacrilegam
1938 949 2002 979 eius
2019 946 2152 981 insolen-

392 1001 466 1034 tiam
478 1001 538 1033 hoc
547 1011 645 1043 poenae
654 1010 762 1043 genere
775 995 858 1029 fuisse
867 997 1031 1038 castigatam
1043 1017 1053 1031 ‚
1063 994 1134 1026 vtid
1146 992 1241 1035 paliim
1252 991 1337 1023 fuisse
1347 993 1384 1024 ab
1397 992 1458 1034 ipso
1468 993 1544 1023 inter
1555 993 1615 1023 dira
1637 1002 1786 1023 tormenta
1803 994 1939 1033 agnitum
1961 1004 2151 1025 commemo-

391 1050 439 1078 ret
450 1057 456 1077 :
466 1047 508 1077 En
519 1057 577 1088 ego
587 1045 635 1077 ille
646 1045 737 1077 vestra
747 1042 955 1086 praedicat-ione
966 1039 1040 1070 deus
1049 1060 1058 1074 ,
1068 1039 1159 1070 vitam
1169 1036 1332 1069 miserrimo
1342 1038 1420 1069 exitu
1431 1036 1516 1068 finire
1525 1047 1630 1079 cogor.
1651 1038 1698 1067 De
1709 1047 1781 1077 pace
1790 1047 1856 1068 cum
1868 1038 1963 1078 Tyriis
1975 1038 2151 1070 &Sidoniis

390 1089 486 1134 fasta,
497 1091 576 1122 nulla
587 1090 648 1122 illic
659 1089 774 1120 mentio
783 1098 791 1116 .-
801 1086 848 1117 sed
861 1084 943 1128 qubd
951 1084 1039 1115 ludos
1048 1085 1077 1114 in
1086 1083 1235 1114 honorem
1245 1081 1363 1114 Caesaris
1372 1082 1548 1114 celebraret.
1570 1079 1680 1112 Verum
1690 1083 1771 1123 pacis
1780 1083 1896 1113 ratione
1914 1083 2015 1125 potuit
2033 1081 2149 1116 institui

389 1135 533 1168 ludorum
546 1135 703 1167 celebritas
716 1130 948 1175 :quodsolemne
958 1127 1040 1160 fuisse
1051 1129 1166 1160 scimus.
1586 1130 1590 1134 ⁴

423 1193 463 1221 23*
486 1182 558 1211 Con
567 1191 602 1212 rr.
611 1190 686 1211 s-rm
697 1176 833 1220 percussit
843 1174 937 1215 eum.)
953 1173 1048 1205 Sicuti
1060 1173 1139 1215 prius
1149 1171 1282 1214 Angelus
1290 1171 1387 1214 gratiae
1396 1171 1455 1202 Dei
1465 1170 1596 1203 minister
1605 1168 1662 1202 fuit
1674 1170 1703 1201 in
1715 1168 1873 1201 liberando
1884 1172 1975 1202 Petro
1987 1172 2039 1207 ,ita
2049 1175 2081 1206 &
2091 1174 2149 1206 nfic

390 1224 457 1258 eius
467 1225 628 1256 vindistam
639 1223 794 1265 exequitur
803 1219 936 1253 aduersus
945 1219 1108 1251 Herodem.
1143 1217 1226 1248 Solet
1236 1227 1334 1248 autern
1344 1219 1427 1247 Deus
1437 1216 1585 1247 interdum
1597 1216 1638 1246 vti
1649 1215 1836 1257 Angelorum
1849 1216 2001 1248 caelestium
2015 1229 2107 1260 opera
2116 1219 2150 1250 in

391 1270 494 1312 poenis
504 1267 680 1312 infligendis
691 1267 754 1299 :sed
764 1266 923 1308 aliquando
935 1264 1073 1296 diabolos
1083 1261 1176 1294 veluti
1187 1261 1339 1292 carnifices
1350 1261 1589 1303 statuir,quorum
1603 1271 1690 1291 manu
1703 1261 1813 1290 iudicia
1822 1259 1867 1290 sua
1882 1271 2025 1293 exerceat.
2049 1266 2148 1305 Atque

391 1314 453 1345 hoc
462 1313 626 1355 promiscue
635 1312 705 1344 facit
714 1333 723 1348 ‚
735 1322 794 1344 tam
808 1321 876 1353 erga
886 1309 989 1340 fideles
1000 1308 1063 1339 suos
1074 1329 1082 1343 ,
1093 1306 1180 1349 quam
1191 1307 1347 1348 reprobos.
1370 1308 1496 1336 Vexarur
1508 1305 1575 1336 Saul
1585 1316 1635 1345 per
1645 1306 1780 1336 Sataaam
1794 1326 1802 1339 ‚
1815 1303 1862 1335 sed
1874 1307 1953 1336 idem
1964 1309 2053 1339 etiam
2070 1307 2148 1340 [Ξιᾶο

248 1359 450 1398 t.sam.16.10b
461 1359 599 1401 contigit.
622 1361 656 1389 In
667 1356 781 1390 Psalmo
792 1378 802 1392 ‚
812 1356 902 1398 plagae
911 1355 1021 1396 quibus
1029 1355 1111 1383 Deus
1122 1351 1232 1393 impios
1243 1350 1380 1393 castigat,
1392 1351 1476 1382 malis
1485 1350 1607 1393 Angelis
1618 1350 1809 1381 tribuuntur:
1820 1348 1867 1380 sed
1877 1351 2014 1383 videmus
2033 1363 2064 1385 vt
2083 1355 2148 1384 An.

247 1416 269 1432 ε.
281 1414 314 1433 14·
394 1404 543 1448 gelu5,qui
553 1402 651 1445 praeses
662 1402 703 1434 est
711 1401 806 1433 salutis
814 1399 944 1432 Ecclesiae
952 1398 1107 1441 AEgyptios
1117 1397 1146 1428 in
1155 1397 1364 1438 primogenitis
1375 1396 1531 1437 percutiat.
1553 1406 1720 1437 quanquam
1731 1395 1879 1436 malignos
1890 1394 2003 1437 spiritus
2013 1399 2147 1439 Scriptu-

247 1441 382 1498 rassrzasscbu.
393 1459 423 1481 ra
432 1459 520 1481 vocat
534 1449 591 1481 Dei
604 1446 825 1490 spiritus‚qubd
836 1446 898 1476 eius
910 1444 1047 1486 imperio,
1059 1442 1128 1475 licet
1146 1441 1243 1475 inuiti,
1255 1451 1385 1482 pareant.
1397 1440 1444 1470 sed
1460 1441 1510 1473 vbi
1521 1440 1678 1482 epitheton
1696 1440 1764 1471 Mali
1778 1450 1836 1470 non
1846 1440 1981 1476 additur,
1991 1441 2075 1474 sicuti
2086 1443 2147 1475 hoc

297 1490 302 1495 ’
329 1489 334 1493 ’
358 1490 363 1494 ”
391 1491 472 1530 loco,
484 1494 610 1536 intelligi
621 1491 847 1534 debetAngelus
857 1491 906 1533 qui
917 1487 1019 1530 sponte
1029 1490 1098 1519 Deo
1110 1486 1293 1528 obsequitur:
1306 1484 1398 1516 forma
1409 1495 1507 1517 tamen
1519 1486 1651 1516 bubonis
1660 1504 1668 1518 ,
1681 1485 1763 1515 cuius
1773 1484 1914 1526 Iosephus
1925 1487 2075 1524 meminit,
2084 1488 2146 1519 dia-

246 1504 380 1529 Exodazs.

247 1546 284 1568 w·
395 1538 470 1570 bolo
485 1540 579 1581 magis
586 1538 745 1582 figurando
754 1559 764 1574 ,
775 1535 864 1578 quam
876 1534 976 1565 caelesti
987 1533 1105 1574 Angelo
1117 1531 1288 1574 quadrabat.
1313 1531 1406 1561 Porrb
1417 1550 1426 1564 ,
1437 1530 1531 1571 qualis
1543 1529 1631 1561 fuerit
1645 1529 1754 1570 species
1773 1531 1890 1565 morbi,
1902 1542 1961 1562 non
1979 1531 2070 1564 ausim
2091 1543 2147 1573 pro

390 1594 479 1625 ‘erto
488 1583 619 1616 asserere.
642 1593 753 1614 nomen
763 1603 773 1617 ,
783 1591 845 1623 quo
856 1578 921 1611 vsus
929 1578 970 1610 est
980 1581 1072 1608 Lucas
1081 1598 1091 1611 ,
1101 1575 1242 1617 fignificat
1250 1595 1260 1608 ‚
1270 1574 1286 1604 ὲ
1297 1574 1446 1605 vermibus
1456 1572 1538 1604 fuisse
1548 1572 1673 1604 exesum.
1700 1574 1784 1604 Multi
1804 1575 1972 1607 coniiciunt
1985 1597 1994 1612 ,
2005 1577 2147 1609 morbum

391 1627 476 1660 fuisse
485 1628 696 1670 pedicularem.
719 1629 784 1657 Hoc
792 1623 913 1667 quidem
927 1629 1042 1654 certum
1054 1620 1094 1652 est
1103 1641 1113 1655 ‚
1123 1620 1234 1651 foetore
1246 1621 1277 1651 δε
1288 1619 1445 1659 putredine
1455 1640 1464 1653 ‚
1474 1628 1565 1659 quum
1575 1617 1671 1648 adhuc
1685 1617 1802 1657 spiraret
1813 1639 1821 1653 ,
1833 1616 1915 1650 fuisse
1925 1616 2147 1662 corruptum,vt

390 1670 464 1704 esset
475 1671 552 1714 quasi
563 1673 725 1703 animatum
737 1669 871 1700 cadauer.
893 1670 937 1699 Ita
947 1689 956 1703 ‚
967 1676 1028 1698 non
1038 1663 1155 1696 tantum
1166 1664 1234 1695 diris
1246 1663 1404 1695 tormentis
1411 1664 1556 1694 cruciatus
1577 1661 1633 1694 suit
1643 1684 1651 1698 ,
1662 1661 1709 1693 sed
1727 1663 1862 1693 omniurn
1881 1665 2000 1704 probris
2019 1669 2050 1698 &
2067 1666 2152 1697 ludi-'

389 1716 458 1748 btio
468 1715 629 1758 expositus.
651 1718 728 1746 Nam
739 1724 837 1756 poenae
848 1722 942 1755 genus
952 1710 1061 1753 eligere
1071 1709 1222 1740 Dominus
1231 1707 1329 1739 voluit
1340 1729 1348 1741 ‚
1358 1718 1419 1749 quo
1430 1707 1545 1747 superbi
1555 1707 1685 1738 hominis
1704 1705 1846 1738 ferociam
1865 1719 1996 1742 extrema
2011 1711 2146 1753 ignomi-

388 1762 437 1793 nia
446 1761 596 1792 obrueret.
615 1761 642 1791 Si
653 1761 669 1791 a
678 1769 786 1800 magno
798 1759 899 1799 aliquo
908 1759 939 1787 &
951 1755 1052 1786 valido
1063 1753 1193 1784 exercitu
1210 1752 1306 1783 vietus
1320 1749 1392 1782 esset
1402 1773 1410 1785 ,
1421 1761 1509 1792 atque
1518 1751 1556 1782 ad
1567 1752 1698 1792 inopiam
1711 1751 1846 1782 redatstus
1856 1774 1864 1785 ‚
1873 1764 1933 1784 non
1948 1755 1989 1785 ita
2010 1753 2145 1786 animad-

388 1804 509 1839 uersum
518 1803 612 1836 suisset
623 1805 680 1835 Dei
694 1803 837 1834 iudicium
850 1813 856 1831 :
868 1803 900 1832 δε
910 1798 1002 1830 suisset
1012 1796 1212 1828 haecliberalis
1225 1797 1256 1827 &
1268 1797 1348 1837 regia
1359 1795 1512 1835 castigatio
1522 1807 1529 1826 ι
1540 1795 1587 1826 sed
1596 1795 1688 1837 quum
1711 1794 1753 1825 illi
1772 1795 1868 1828 infesti
1887 1797 1953 1830 sunt
1970 1797 2146 1838 pediculi&

389 1860 523 1886 vermeS,
534 1852 565 1881 δε
577 1859 613 1879 ex
628 1851 692 1878 eius
703 1856 830 1887 corpore
841 1843 948 1875 foetida
959 1843 1017 1874 haec
1026 1841 1153 1883 putredo
1165 1840 1293 1881 erumpit
1305 1861 1314 1874 ,
1325 1850 1387 1881 quae
1396 1839 1487 1881 ipsum
1499 1840 1625 1870 arrosum
1639 1840 1780 1871 conficiat
1789 1862 1798 1876 ,
1810 1851 1865 1882 pto
1881 1842 1929 1874 sua
1944 1843 2092 1886 dignitate
2109 1854 2146 1876 ac

390 1896 498 1927 metito
507 1893 656 1926 trastatur.
679 1894 711 1922 sn
724 1891 802 1922 hunc
813 1889 936 1920 modum
945 1887 1060 1918 Pharao
1071 1906 1080 1919 ,
1091 1895 1184 1928 quum
1193 1883 1328 1916 aduersus
1337 1886 1436 1915 Deum
1454 1883 1601 1915 indomito
1612 1882 1681 1916 fastu
1692 1885 1956 1929 totiesinsurgeret
1965 1909 1975 1924 ‚
1989 1898 2049 1919 non
2060 1899 2144 1931 rega-

389 1940 458 1972 liter
468 1938 594 1971 avicino
604 1937 706 1979 aliquo
717 1935 857 1976 Principe
867 1933 1021 1975 impetitus
1033 1930 1087 1962 fuit
1097 1951 1107 1965 ,
1116 1929 1163 1961 sed
1175 1929 1290 1961 locustae
1301 1932 1332 1961 δε
1343 1929 1449 1960 bruchi
1459 1928 1580 1961 fuerunt
1591 1931 1648 1962 Dei
1661 1929 1772 1961 milites
1780 1931 1815 1962 ad
1831 1933 1996 1973 gerendum
2017 1944 2087 1965 cum
2103 1943 2144 1965 eo

389 1983 514 2016 bellum.
536 1993 604 2014 narn
615 1982 677 2025 qub
688 1979 811 2023 quisque
821 1978 995 2010 insolentius
1005 1975 1032 2006 se
1043 1975 1161 2007 extollit
1171 1996 1180 2011 ‚
1190 1974 1228 2006 eb
1239 1974 1359 2017 dignior
1369 1973 1409 2005 est
1419 1985 1519 2017 ,quem
1531 1977 1613 2006 Deus
1621 1975 1840 2007 contumeliose
1847 1976 1882 2007 ad
1892 1987 2042 2008 extremos
2052 1977 2144 2021 vique

387 2028 501 2062 inferos
512 2027 642 2060 dejiciat.
665 2029 734 2058 Haec
745 2026 821 2057 ratio
828 2024 869 2056 est
878 2044 887 2057 ‚
898 2034 948 2055 cur
958 2022 1094 2054 fistitium
1108 2020 1187 2052 hunc
1196 2019 1285 2051 deum
1296 2019 1448 2050 Herodem
1459 2020 1612 2051 vermibus
1623 2019 1791 2052 rodendum
1803 2022 1987 2062 exposuerit:
2001 2023 2082 2054 cuius
2099 2022 2144 2055 rei

388 2074 509 2107 tandem
523 2070 650 2115 expressa
660 2071 700 2102 illi
711 2070 767 2102 fuit
777 2069 920 2101 confeffio
932 2091 940 2104 ,
953 2078 1044 2110 quum
1057 2066 1189 2099 diceret,
1202 2069 1245 2094 En
1259 2075 1316 2107 ego
1327 2063 1478 2096 illevestra
1487 2062 1661 2096 salutatione
1671 2063 1744 2096 deus
1754 2086 1762 2099 ‚
1772 2065 1876 2098 misere
1893 2066 1931 2098 ad
1950 2078 2078 2100 mortem
2097 2078 2144 2099 ra-

387 2121 462 2161 pior.
487 2121 560 2150 Tam
572 2117 764 2159 conspicuum
774 2114 928 2147 horribilis
943 2110 1079 2145 vindictae
1089 2111 1258 2151 exemplum
1269 2110 1298 2140 in
1310 2109 1390 2152 regia
1401 2108 1522 2150 persona
1532 2119 1645 2141 terrere
1656 2119 1712 2140 nos
1725 2119 1788 2140 non
1800 2120 1902 2150 parum
1913 2112 2016 2147 debet,
2027 2123 2064 2144 ne
2073 2111 2141 2153 plus

387 2164 503 2196 sumere
514 2163 602 2194 nobis
613 2163 699 2204 quam
710 2172 759 2203 par
771 2160 803 2192 sit
814 2182 823 2196 ‚
833 2159 1039 2192 audeamuszac
1051 2162 1089 2188 ne
1101 2157 1191 2189 etiam
1202 2153 1297 2188 fallaci
1309 2153 1465 2186 hominum
1474 2153 1610 2196 applausu
1621 2156 1652 2187 δε
1664 2152 1818 2185 blanditiis
1828 2164 1970 2197 tanquam
1981 2156 2142 2189 mortifero

390 2219 510 2241 veneno
522 2208 661 2239 inebriari
673 2217 728 2237 nos
742 2204 876 2237 sinamus.

429 2254 495 2290 Qvi
506 2266 518 2283 r
533 2265 551 2283 N
559 2265 576 2282 0
584 2265 601 2283 N
618 2263 660 2283 mr
668 2261 722 2282 nis
733 2261 764 2280 sr.
772 2262 788 2280 r
804 2262 823 2281 G
831 2260 953 2281 murari
963 2250 1012 2279 Da
1020 2247 1066 2287 ο.)
1076 2249 1148 2278 Non
1157 2245 1229 2277 ideo
1239 2253 1355 2277 tantum
1364 2244 1519 2276 damnatur
1528 2241 1689 2285 sacrilegij‚
1699 2242 1768 2284 quia
1780 2241 1807 2274 se
1817 2241 1908 2275 deum
1924 2244 2025 2276 vocari
2044 2244 2141 2287 passus

394 2297 452 2331 est,
462 2297 512 2328 sed
521 2299 588 2338 quia
598 2295 637 2327 sui
649 2293 762 2325 oblitus
773 2316 782 2329 ,
791 2295 940 2325 honorem
952 2293 1010 2324 Dei
1021 2292 1057 2324 ad
1067 2291 1094 2322 se
1111 2290 1266 2323 transtulit.
1289 2292 1360 2320 Non
1380 2288 1508 2332 legimus
1527 2287 1695 2328 Babylonio
1713 2288 1776 2330 regi
1793 2287 1893 2320 datum
1911 2287 1995 2320 fuisse
2014 2288 2141 2322 similem

247 2347 380 2377 mnu-cn.
394 2341 525 2385 plausum
537 2341 597 2371 :cui
609 2349 707 2371 tamen
717 2336 1033 2380 Prophetaexprobra
1042 2357 1051 2372 ‚
1062 2335 1143 2377 qubd
1155 2335 1180 2367 se
1191 2338 1261 2367 Deo
1271 2344 1384 2377 aequare
1393 2333 1563 2366 tentauerit.
1587 2334 1667 2373 Ergo
1677 2353 1687 2368 ,
1697 2331 1756 2363 hoc
1766 2333 1909 2365 omnibus
1918 2333 2048 2376 superbis
2057 2346 2145 2366 com-

248 2388 284 2409 η·
396 2396 487 2418 mune
495 2386 535 2417 est
545 2384 687 2427 sacrilegij
698 2382 811 2414 crimen
828 2404 837 2418 ,
847 2382 929 2425 qubd
939 2380 992 2415 fibi
1003 2380 1167 2419 arrogando
1177 2379 1328 2421 plusquam
1339 2376 1382 2409 fas
1391 2377 1515 2413 est‚Dei
1533 2377 1658 2418 gloriam
1676 2376 1846 2410 obscurant.
1867 2387 1957 2420 atque
1974 2379 2012 2410 ita
2027 2379 2141 2422 Gigan-

395 2441 461 2464 tum
472 2441 555 2462 more
567 2452 575 2466 ‚
586 2437 727 2472 quantum
739 2427 767 2458 in
779 2426 804 2459 se
814 2427 854 2458 est
866 2449 874 2462 ,
883 2429 982 2457 Deum
994 2423 1068 2456 esuo
1080 2422 1152 2459 solio
1162 2424 1318 2455 detrahere
1335 2431 1492 2452 conantur.
1514 2423 1674 2462 Vtcunque
1692 2422 1749 2453 Dei
1766 2422 1889 2454 titulum
1908 2434 1969 2454 non
1988 2423 2139 2465 vsurpent‚

395 2487 452 2508 nec
467 2475 560 2517 palam
570 2485 622 2514 ore
634 2473 742 2504 iastent
752 2471 779 2504 se
789 2470 845 2503 effe
856 2470 929 2502 deos
941 2491 949 2503 ,
960 2469 1029 2510 quia
1041 2476 1141 2498 tamen
1152 2467 1205 2497 fibi
1217 2468 1332 2508 rapiunt
1344 2465 1426 2507 quod
1435 2465 1491 2496 Dei
1502 2466 1654 2506 proprium
1667 2465 1705 2496 est
1714 2489 1723 2503 ,
1734 2465 1796 2507 ipso
1815 2467 1845 2498 in
1864 2467 2000 2499 ordinem
2019 2469 2139 2502 coaCio,

395 2521 436 2552 dij
450 2519 505 2551 effe
518 2522 548 2551 ὃς
559 2518 662 2551 hiberi
674 2517 807 2558 cupiunt.
831 2513 926 2548 Porro
939 2535 946 2550 ‚
958 2514 1046 2544 huius
1056 2511 1124 2542 mali
1134 2511 1281 2553 originem
1291 2509 1420 2552 designat
1430 2510 1579 2551 Propheta
1587 2520 1648 2542 vno
1658 2510 1753 2542 verbo
1763 2531 1771 2546 ,
1782 2522 1872 2554 quum
1889 2512 2141 2546 Nabuchadneser

396 2566 621 2607 italoquentem
633 2562 746 2593 inducit
757 2583 765 2596 ,
777 2559 951 2592 Ascendam.
974 2557 1076 2596 Qare
1085 2577 1093 2592 ,
1106 2565 1195 2586 vnum
1207 2555 1246 2586 est
1256 2556 1418 2587 remedium
1430 2576 1439 2590 ,
1452 2554 1471 2585 si
1482 2552 1602 2596 quisque
1612 2553 1678 2586 sein
1689 2556 1780 2597 gradu
1790 2577 1800 2590 ,
1810 2568 1871 2598 quo
1881 2557 1997 2588 locatus
2005 2557 2056 2592 est,
2065 2568 2141 2589 con-

396 2612 504 2642 tineat:
517 2609 566 2652 qui
576 2606 702 2640 humiles
712 2605 775 2637 sunt
786 2608 816 2637 δε
827 2603 956 2636 abiecti,
965 2600 1154 2633 altitudinem
1164 2610 1223 2630 non
1234 2609 1377 2640 appetant
1388 2611 1394 2630 :
1406 2598 1509 2630 summi
1520 2609 1616 2631 autem
1626 2602 1724 2641 Reges
1735 2622 1742 2635 ‚
1752 2603 1784 2632 δε
1794 2601 1965 2642 quicunque
1975 2600 2056 2641 supra
2064 2602 2139 2633 alios

396 2664 530 2687 eminent
540 2676 549 2690 ,
559 2653 692 2685 feramen
704 2651 842 2681 mortales
851 2647 908 2680 effe
921 2645 1112 2678 meminerint
1121 2667 1130 2681 ‚
1142 2642 1417 2684 modestequesuam
1427 2643 1616 2676 altitudinem
1636 2646 1703 2675 Deo
1722 2643 1887 2675 subiiciant.
1910 2645 2055 2677 Caeterum
2065 2668 2073 2682 ‚
2083 2657 2140 2677 no-

394 2701 520 2732 tandum
531 2698 571 2730 est
581 2694 664 2734 ‚non
675 2693 806 2727 satisesse
816 2716 825 2730 ‚
835 2693 854 2724 si
866 2703 900 2725 ex
911 2691 1034 2723 dimidia
1043 2699 1125 2732 parte
1133 2688 1264 2720 tribuant
1275 2689 1413 2720 homines
1423 2689 1570 2719 honorem
1588 2691 1672 2722 Deo,
1685 2689 1736 2729 qui
1749 2688 1801 2719 sibi
1820 2690 1849 2719 in
1861 2689 1984 2721 solidum
2001 2691 2140 2723 vendicat

395 2744 479 2788 quod
490 2743 571 2775 suum
582 2742 622 2775 est
633 2740 666 2772 :si
677 2740 772 2782 aliqua
781 2749 816 2771 ex
825 2748 908 2781 parte
919 2737 945 2768 se
953 2735 1126 2768 submittant
1135 2743 1210 2776 quos
1219 2732 1282 2765 vult
1289 2734 1408 2774 penitus
1420 2733 1567 2765 humiliari
1580 2745 1586 2764 :
1597 2736 1657 2764 Iam
1669 2743 1761 2775 quum
1772 2734 1919 2776 Scriptura
1930 2736 2014 2765 omni
2025 2734 2139 2776 sapien-

396 2791 461 2823 tiae,
471 2788 591 2820 virtutis
603 2789 634 2819 &
646 2785 752 2827 iustitie
763 2783 849 2815 laude
861 2793 918 2814 nos
927 2781 1138 2816 exinaniat,ne
1147 2778 1298 2809 minimam
1310 2778 1430 2819 quidem
1449 2778 1549 2820 gloriae
1569 2778 1740 2820 particulam
1758 2777 1812 2809 sibi
1829 2789 1966 2822 arrogare
1985 2776 2137 2821 quisquam

398 2834 529 2865 nostrum
541 2831 637 2874 potest
646 2853 654 2866 ,
665 2829 724 2861 fine
734 2829 870 2870 sacrilega
879 2827 938 2859 Dei
949 2825 1132 2868 spoliatione.
1151 2825 1195 2855 Ac
1204 2823 1311 2856 mirum
1323 2822 1363 2853 est
1372 2845 1381 2859 ‚
1392 2833 1484 2864 quum
1502 2823 1650 2864 Scriptura
1663 2823 1839 2864 pronuntiet
1856 2824 1935 2864 quasi
1954 2834 1990 2855 ex
2009 2822 2137 2864 proftffo

399 2878 512 2909 bellum
521 2874 710 2909 Deoinferre
720 2882 869 2918 quotquot
879 2871 906 2904 se
916 2870 1039 2903 efferunt
1050 2868 1208 2901 :fateamur
1223 2877 1319 2899 autem
1330 2878 1434 2898 omnes
1444 2890 1452 2902 ,
1464 2879 1523 2898 non
1536 2867 1586 2899 nisi
1599 2867 1690 2898 exitio
1700 2868 1800 2899 nostro
1811 2867 1840 2898 id
1854 2868 1934 2909 posse
1945 2868 2007 2899 fieri
2017 2880 2023 2898 ;
2034 2869 2137 2909 pamm

398 2932 499 2954 tamen
510 2923 666 2953 maximam
679 2920 835 2950 hominurn
849 2927 960 2959 partem
971 2914 1078 2947 furiosa
1086 2912 1242 2946 audaciain
1253 2911 1334 2943 suum
1346 2912 1467 2944 exitium
1477 2923 1572 2945 ruere.
1595 2913 1650 2943 Vix
1657 2911 1740 2944 enim
1751 2912 1931 2946 centesimus
1949 2911 2069 2955 quisque
2086 2912 2137 2945 suae

399 2965 583 2998 conditionis
591 2975 707 2999 memor
717 2986 726 3000 ,
737 2963 812 2996 suam
822 2965 891 2994 Deo
902 2961 1026 3005 gloriam
1038 2959 1177 2991 intaChm
1188 2956 1338 2999 relinquit.

429 3023 463 3048 24
501 3011 518 3041 S
530 3021 546 3041 n
565 3021 584 3041 a
598 3022 619 3041 Μ
635 3022 654 3040 ο
683 3021 700 3039 Α
715 3021 758 3040 vr
771 3021 787 3040 ε
801 3020 823 3039 M
853 3020 872 3040 υ
886 3018 903 3038 a
916 3018 943 3036 1.
957 3010 972 3044 )
996 3004 1254 3044 Sublatotyranno
1264 3021 1273 3036 ‚
1283 3000 1539 3043 repenteEcclesia
1548 2999 1624 3043 quasi
1633 3000 1736 3042 exlupi
1748 2998 1989 3041 faucibuse'repta
2000 2999 2064 3032 fuit.
2085 3003 2138 3033 Er-

398 3066 439 3098 go
449 3077 459 3091 ,
470 3055 594 3096 quanuis
605 3053 707 3085 fideles
716 3062 890 3094 reputentur
897 3060 970 3083 oues
981 3049 1152 3081 mastationi
1162 3046 1307 3079 destinata:
1317 3065 1326 3081 ,
1344 3045 1470 3076 Ecclesia
1480 3057 1578 3078 tamen
1589 3045 1721 3077 hostibus
1729 3045 1785 3077 suis
1802 3045 1914 3087 semper
1930 3045 1968 3075 est
1986 3045 2149 3086 superstes:-

249 3087 297 3111 ΡΜ
307 3094 349 3115 44·
361 3084 383 3111 ὰ
399 3103 431 3134 &
445 3099 540 3131 sermo
550 3099 746 3140 Dei,quanuis
754 3097 878 3129 subinde
887 3092 1037 3138 oppressus
1046 3093 1138 3125 videri
1149 3101 1235 3135 queat
1243 3090 1332 3131 impia
1343 3090 1751 3131 hominumtyrannide‚1nox
1759 3087 1903 3122 tamen-de
1912 3089 2031 3132 integro
2041 3101 2138 3122 emer-

248 1916 322 1943 Exod,
331 1920 344 1942 8
356 1917 379 1943 d·

246 1959 322 1982 ¹7³4·

249 2632 326 2657 isan-

252 3127 370 3183 {Amara
398 3145 452 3188 git.
471 3146 579 3185 Neque
589 3143 668 3174 enim
680 3141 834 3174 consilium
846 3145 928 3173 Lucae
939 3138 1013 3175 fuir,
1024 3137 1140 3170 tantum
1153 3135 1260 3169 referre
1277 3134 1350 3177 quid
1361 3135 1498 3167 acciderit
1515 3135 1579 3177 post
1598 3135 1729 3167 Herodis
1746 3144 1892 3167 mortem,
1905 3133 1950 3165 sed
1967 3136 2056 3167 etiam
2077 3135 2136 3167 hoc

251 3183 289 3214 9·
398 3187 536 3230 exemplo
545 3188 660 3218 animos
669 3186 782 3217 nostros
791 3187 905 3228 erigere
916 3207 925 3221 ,
935 3195 966 3217 vt
975 3183 1058 3216 certb
1067 3183 1226 3214 statuamus
1236 3183 1351 3217 ‚Deum
1363 3200 1372 3214 ,
1384 3178 1466 3220 quod
1475 3189 1546 3212 tunc
1564 3179 1636 3212 fecit
1647 3200 1656 3215 ,
1667 3179 1808 3210 omnibus
1815 3177 1917 3209 seculis
1928 3177 2072 3210 fadiurum
2085 3189 2136 3215 ,νε

399 3232 553 3275 Euangelij
562 3230 658 3263 cursus
667 3241 719 3305 pep
729 3232 831 3262 omnia
839 3231 970 3262 hostium
980 3227 1195 3268 impedimenta
1205 3225 1324 3258 tandem
1333 3233 1514 3266 perrumpat,
1522 3235 1556 3256 ac
1564 3223 1626 3267 quo
1634 3223 1728 3270 magis
1735 3222 1861 3255 Ecclesia
1871 3223 2023 3259 minuitur,
2036 3223 2135 3266 celesti

401 3277 701 3317 benediffloneauge
715 3283 772 3306 cat.
1133 3282 1136 3284 ·

432 3332 463 3361 25
493 3325 538 3353 BA
547 3333 589 3352 rm
598 3330 659 3358 aaa
667 3331 679 3349 s
693 3328 790 3351 autern
801 3319 832 3350 &
841 3315 976 3356 Paulus.)
1001 3315 1210 3351 Ministerium‚
1218 3324 1279 3357 quo
1286 3309 1406 3346 Paulum
1416 3313 1448 3343 δε
1456 3311 1618 3343 Barnabam
1629 3310 1783 3343 defunstos
1793 3309 1875 3342 fuisse
1885 3310 1983 3343 scribit
1993 3311 2136 3344 Lucas-‚ad

403 3364 618 3406 eleemosynam
631 3363 731 3404 referri
742 3363 832 3395 debet
841 3380 850 3396 2
860 3362 942 3393 cuius
951 3359 1032 3402 supra
1042 3358 1179 3397 fastasuit
1188 3352 1418 3400 mentio*3quum
1429 3357 1507 3386 enirn
1519 3356 1556 3387 ab
1569 3357 1670 3398 Agabo
1679 3356 1823 3398 propheta
1833 3356 1966 3396 praedicta
1975 3355 2045 3388 ess'et
2055 3355 2136 3387 steri-

400 3408 470 3441 litas
529 3420 624 3447 ames,
638 3407 804 3441 Antiochiae
814 3405 939 3438 collecta
949 3403 1004 3436 fuit
1023 3403 1148 3445 pecunia
1159 3401 1348 3437 a'fratribus,
1359 3410 1415 3442 qua
1431 3400 1678 3441 lerosolymitanae
1696 3399 1825 3431 Ecclesiae
1840 3401 1972 3441 inopiam
1990 3401 2135 3431 leuarent.

403 3442 498 3483 husu&
540 3454 629 3484 cuniae
638 3448 1068 3494 ferendaeprouinciaBarnabae
1078 3450 1110 3479 &
1120 3448 1215 3480 Paulo
1225 3445 1360 3490 mandata
1369 3444 1549 3476 sueratNam
1562 3449 1653 3477 Lucas
1672 3454 1688 3473 A
1699 3455 1802 3475 >ii-roc
1810 3456 1863 3476 riu
1871 3456 1891 3475 M
1911 3444 2041 3476 reuersos
2051 3442 2134 3474 fuisse

401 3497 474 3528 dicit
484 3516 494 3531 ›
506 3506 536 3529 vt
545 3496 692 3529 transitum
702 3496 755 3528 fibi
765 3497 800 3529 ad
810 3505 918 3526 nouam
931 3492 1078 3524 historiam
1090 3491 1186 3524 faciat.
1207 3490 1298 3524 Addit
1308 3511 1318 3526 ,
1327 3501 1384 3520 ton
1394 3501 1410 3519 ri
1419 3500 1486 3519 ΗΜ
1497 3489 1678 3531 cognomine
1687 3491 1815 3520 Marcum
1828 3489 1912 3520 cuius
1929 3499 2021 3520 mater
2037 3488 2134 3518 hono-

400 3540 482 3573 rifice
492 3541 571 3581 prius
579 3540 693 3572 laudata
700 3539 757 3576 fuit
765 3563 775 3579 ,
785 3539 892 3575 abillis
901 3536 1076 3581 assumptum
1085 3534 1168 3570 fuisse
1178 3536 1322 3569 comitem
1330 3534 1392 3577 ‚qui
1402 3534 1502 3576 postea
1512 3534 1611 3577 grauis
1622 3535 1654 3566 δε
1663 3533 1747 3566 noxii
1762 3533 1839 3566 inter
1855 3543 1908 3565 eos
1929 3532 2035 3565 dissidii
2051 3531 2133 3564 causa

399 3583 458 3619 flur
466 3607 477 3622 ,
489 3595 520 3631 γε
529 3585 709 3619 videbimus.
