2310 3841
373 192 433 234 ψ
622 203 629 209 s
932 173 1007 216 IN
1051 169 1258 215 ACTA
1316 167 1538 215 APOST.

376 254 448 286 εὔει*
461 250 581 297 qu'dem
592 246 688 295 potest
700 273 708 287 ‚
717 258 750 283 vt
758 258 857 283 coram
868 248 956 292 plebe
963 249 1068 282 habita
1076 248 1163 282 fuerit
1176 249 1344 292 disputatio.
1365 248 1413 280 sed
1424 259 1460 279 ne
1469 249 1505 279 ad
1515 241 1695 281 uastandam
1707 246 1818 281 causam
1832 241 1938 292 vulgus
1949 243 2116 292 promisca&

377 296 461 330 fuisse
471 294 622 329 admissum
636 295 778 339 quispiam
787 305 900 337 putaret
908 315 917 328 ,
932 298 1023 326 Lucas
1033 294 1137 326 diserte
1147 293 1306 337 Apostolos
1317 296 1347 325 δι
1356 294 1551 333 Presbyteros
1562 293 1711 326 nominat:
1722 292 1793 324 sicut
1803 295 1896 335 magis
1906 296 2007 327 idonei
2030 301 2116 328 erant

378 345 559 385 cognitores.
597 340 743 373 Caetertim
755 339 876 371 sciamus
886 338 1013 370 fozmam
1027 335 1076 371 hic
1087 341 1118 370 δε
1129 339 1266 370 ordinem
1276 339 1306 369 in
1316 338 1461 379 cogendis
1471 339 1597 377 Synodis
1605 338 1750 370 diuinitus
1759 338 1921 378 praescribi,
1929 339 1996 371 cum
2017 346 2118 372 eitorta

379 387 419 416 est
430 388 522 427 aliqua
531 384 804 426 controuersia,quoe
814 384 898 415 aliter
907 385 1049 425 componi
1058 385 1241 425 nequit-nam
1251 393 1343 424 quum
1359 381 1444 412 multi
1468 382 1603 422 quotidie
1621 381 1803 425 insurgerent
1823 382 1960 414 aduersus
1978 386 2118 421 Paulum,

378 429 437 461 sola
446 432 505 460 haec
513 428 686 471 disceptatio
697 449 706 464 ,
717 439 752 459 ex
761 439 815 470 qua
826 429 955 471 ingentis
964 429 1052 459 ruinae
1061 427 1225 470 periculum
1235 427 1369 460 instabat,
1380 428 1409 457 &
1420 429 1547 471 quatiam
1558 425 1703 469 progressa
1714 426 1801 468 vsque
1811 426 1846 457 ad
1857 426 1979 459 hostiles
1989 439 2111 472 pugnas,

376 485 443 506 eum
455 472 662 515 lerosolymam
677 481 826 515 pertraxit.

416 530 436 558 7
481 519 581 554 viiu
596 530 611 548 A
620 530 633 547 v
643 528 681 548 ra
692 529 711 546 ,n
726 528 769 547 MA
780 525 822 547 ou
832 527 847 545 A
864 527 918 547 ors
928 526 1073 547 cerui-r
1086 515 1131 554 ο.)
1166 514 1270 553 Qum
1284 513 1391 545 delesti
1400 513 1494 546 essent
1502 524 1606 557 graues
1616 514 1673 546 viri
1684 516 1716 545 &
1735 514 1849 556 publici
1869 513 2001 546 Ecclesioe
2010 514 2117 548 doeio-

374 571 419 593 res
430 583 438 597 ,
449 571 486 592 ne
496 563 571 593 inter
582 572 635 592 eos
644 562 762 602 quidem
773 561 867 595 statim
879 560 1043 590 conuenire
1053 560 1161 601 potuit.
1195 559 1274 590 vnde
1284 569 1404 600 apparet
1414 579 1423 592 ‚
1434 558 1591 600 quomodo
1601 559 1657 588 iam
1668 569 1739 590 tunc
1752 569 1802 599 per
1821 558 1978 590 hominum
1990 560 2114 591 infirmi-

375 615 466 638 tatem
476 607 624 637 Dominus
635 603 789 636 Ecclesiam
799 603 875 636 suam
885 605 1065 637 exercuerit,
1076 602 1136 644 qub
1146 603 1296 633 humiliter
1305 601 1403 644 sapere
1412 602 1545 634 disceret.
1569 602 1654 634 Adde
1671 601 1752 643 quod
1761 604 1791 632 in
1802 611 1886 635 coetu
1897 602 1961 639 illo,
1974 605 2021 635 cui
2030 614 2119 645 praee-

377 659 420 682 rat
434 670 442 684 ‚
463 648 556 691 passus
566 650 605 681 est
616 650 694 681 varie
701 649 801 692 agitari
813 658 988 691 praecrpuum
1007 647 1146 678 doctrina:
1155 647 1327 678 Christiana
1335 658 1421 687 caput
1433 659 1439 678 :
1451 658 1487 678 ne
1501 649 1640 678 miremur
1650 645 1668 677 si
1680 645 1799 686 quand‘o
1810 647 1878 688 pios
1887 647 1998 689 alioqui
2017 650 2048 680 &
2065 648 2122 679 do.)

379 693 443 725 ctos
455 694 853 736 homiuesimperitralabiin
863 702 991 723 errorem
1002 693 1166 733 contingat.
1200 692 1324 733 quidam
1335 693 1484 730 enimnon
1509 692 1550 722 ita
1567 693 1643 722 acuti
1662 700 1761 725 erant,
1777 701 1807 722 vt
1826 691 2122 732 perspicerenrcausae

381 739 628 780 magnitudinem.
660 745 703 770 xta
714 738 781 769 crim
797 740 906 780 Legem
915 735 1083 768 seruandam
1097 737 1237 769 iudicant,
1250 736 1334 777 Legis
1344 735 1410 766 zelo
1422 735 1636 767 inconsiderate
1647 735 1782 776 abrepti,
1794 745 1856 766 non
1874 736 1977 771 vident
1987 738 2019 768 in
2029 735 2118 779 quim

383 781 564 824 profundum
575 782 772 824 labyrinthum
782 782 975 813 conscientias
984 781 1108 811 aliorum
1119 780 1222 811 &suas
1231 781 1424 821 praecipitent.
1445 779 1700 811 Circuncisionem
1714 778 1771 810 esse
1782 780 1927 820 putabant
1935 791 2074 813 aeternurn
2085 784 2122 814 δ(

387 825 731 868 inuiolabilesymbolum
743 827 836 858 diuini
849 825 988 869 foederis:
1000 824 1102 856 eadem
1115 835 1174 856 etat
1184 824 1221 855 de
1230 835 1292 856 tota
1303 827 1380 867 Lege
1390 824 1506 864 opinio.
1540 834 1630 865 quare
1639 825 1668 855 in
1680 823 1737 854 hoc
1751 823 1876 855 maxime
1885 823 2119 862 insistit·1>etrus,

388 871 536 904 vestatum
546 871 709 913 quaestionis
720 870 964 911 demonstret,qui
975 868 1120 911 plerisque
1129 879 1188 900 etat
1197 869 1376 911 incognitus.
1409 868 1456 899 Est
1465 878 1562 900 autem
1577 867 1755 899 bimembris
1763 868 1827 898 eius
1837 868 1945 899 oratio.
1978 879 2044 910 narn
2058 870 2120 911 pri·

389 915 469 947 mrim
479 916 699 947 exauthoritate
711 915 766 946 Dei
777 913 934 946 contendit
945 935 954 950 ,
965 925 1026 945 non
1040 912 1097 945 esse
1106 914 1254 955 cogendas
1264 916 1378 944 Gentes
1394 914 1430 944 ad
1450 912 1618 944 seruandam
1638 915 1759 955 Legem.
1792 911 1921 943 secundo
1937 912 2007 944 loco
2027 914 2121 946 docet

387 961 481 991 euerti
491 970 586 992 totam
598 960 753 991 hominurn
763 959 882 990 salutern
894 980 903 994 ,
913 958 931 989 si
940 958 1059 999 laqueus
1070 959 1118 988 hic
1129 957 1316 989 conscientiis
1326 957 1451 988 iniectus
1459 956 1555 988 fuerit.
1581 958 1665 989 Prior
1677 967 1750 999 ergo
1758 967 1823 997 pars
1834 978 1843 991 ‚
1855 959 1884 987 in
1903 967 1959 1000 qua
1978 960 2081 989 recitat
2089 957 2119 990 se

387 1003 533 1035 diuinitus
544 1002 626 1035 fuisse
637 1002 750 1035 missum
762 1003 798 1034 ad
807 1003 954 1034 docendas
964 1004 1078 1034 Gentes
1088 1021 1096 1035 ,
1108 1004 1139 1033 δε
1151 1003 1289 1042 Spiritum
1299 1000 1427 1032 sanstum
1437 1001 1518 1042 super
1528 1001 1590 1032 illas
1601 999 1814 1041 delapsumesse
1824 1024 1833 1036 ‚
1846 1001 1902 1032 huc
1920 1001 2044 1042 spefiat:
2055 1012 2118 1034 non

387 1049 502 1081 temere
514 1050 550 1079 ab
567 1049 737 1080 hominibus
747 1049 900 1089 abrogatas
910 1045 992 1077 fuisse
1004 1048 1088 1087 Legis
1098 1047 1282 1077 ceremonias
1291 1065 1301 1080 ‚
1312 1045 1358 1076 sed
1368 1047 1432 1077 eius
1451 1047 1653 1086 abrogationis
1671 1047 1769 1077 Deum
1791 1045 1847 1076 esse
1858 1045 2023 1077 authorem.
2060 1046 2120 1078 Vbi

387 1103 486 1124 autem
499 1095 529 1132 in
539 1095 667 1124 medium
678 1092 802 1124 adducta
815 1090 853 1122 est
862 1092 919 1122 Dei
928 1090 1088 1121 authoritas
1099 1111 1108 1125 ,
1118 1090 1214 1120 omnis
1228 1100 1362 1132 exempta
1372 1090 1412 1121 est
1423 1089 1655 1131 dpubitatiozquia
1665 1090 1723 1121 haec
1737 1099 1798 1121 tota
1811 1090 1904 1120 nostra
1914 1089 2052 1130 sapientia
2066 1090 2119 1126 est,

388 1137 446 1168 Dei
458 1138 586 1180 imperio
597 1138 824 1178 acquiescere,&
835 1135 896 1165 eius
907 1145 1011 1166 nutum
1025 1134 1117 1176 pluris
1127 1132 1220 1164 facere
1229 1133 1315 1175 quam
1326 1144 1432 1165 omnes
1441 1135 1672 1165 rationesNunc
1683 1134 1763 1165 Petri
1774 1133 1864 1165 verba
1875 1134 2017 1176 expedere
2028 1135 2119 1168 coue-

388 1183 555 1223 nit,quibus
565 1182 670 1222 probat
683 1179 826 1210 diuinitus
836 1179 893 1211 hoc
904 1180 1054 1210 Gentibus
1065 1177 1121 1209 esse
1132 1178 1276 1214 datuin‚vt
1288 1178 1385 1209 liberat
1396 1177 1450 1208 sint
1461 1177 1477 1208 a
1488 1179 1667 1219 iugo'Legis.

431 1229 477 1256 Vo
486 1238 497 1255 s
519 1237 531 1254 s
540 1237 557 1257 c
566 1224 754 1262 rrrs.)Testes
765 1224 831 1254 illos
838 1223 1014 1265 appellat‚ne
1026 1223 1061 1253 de
1072 1233 1100 1253 re
1109 1222 1231 1253 obscura
1242 1223 1287 1254 vel
1296 1223 1435 1264 ambigua
1445 1221 1586 1262 quispiam
1595 1231 1678 1263 putet
1693 1232 1761 1252 eum
1772 1220 1862 1252 verba
1874 1220 2113 1256 fastorumNota

387 1271 531 1300 omnibus
542 1269 660 1300 historia
670 1279 740 1303 erat,
751 1269 832 1310 quod
844 1267 958 1309 reliquit
968 1278 1093 1300 erat‚eos
1104 1267 1131 1296 in
1142 1267 1216 1297 clara
1225 1267 1292 1298 luce
1303 1276 1435 1297 caecutire
1444 1266 1486 1296 ost
1495 1279 1502 1296 2.
1510 1265 1647 1307 dit,quod
1657 1276 1732 1307 opus
1741 1265 1798 1296 Dei
1809 1265 1863 1297 rite
1872 1276 1930 1296 non
1943 1266 2119 1299 cosiderent.

389 1313 453 1344 imo
464 1313 544 1354 qubd
553 1313 636 1354 pride
646 1323 706 1344 non
717 1313 878 1344 didicerant
889 1311 970 1354 quod
983 1311 1075 1353 palam
1088 1310 1246 1342 monstratu
1257 1309 1512 1351 fuerat-Antiquos
1522 1311 1588 1342 dies
1598 1321 1687 1341 vocat
1702 1311 1788 1341 initii]
1798 1311 1952 1352 Euangelij
1963 1312 2120 1352 praedicati:

391 1368 424 1388 ac
438 1357 455 1386 si
466 1357 799 1399 dicerenPridcmzquasi
812 1357 928 1399 aprima
938 1355 1070 1386 Ecclesiae
1079 1356 1246 1397 origine,ex
1255 1366 1316 1397 quo
1328 1354 1460 1386 christus
1468 1355 1612 1396 populum
1623 1355 1752 1396 aliquem
1764 1354 1905 1396 colligere
1914 1354 1967 1385 sibi
1977 1357 2082 1397 coepit.

423 1403 552 1433 Erasrr
564 1405 645 1433 Deus
657 1403 687 1432 in
696 1403 809 1440 nobis.)
844 1401 975 1432 Verbum
986 1399 1119 1442 Eligendi
1131 1419 1140 1432 ‚
1151 1398 1273 1431 statuere
1283 1402 1314 1432 δε
1325 1400 1487 1430 decernere
1496 1398 1650 1441 significat.
1675 1409 1844 1441 quanquam
1855 1397 1937 1429 simul
1948 1401 2124 1442 complesti-

390 1454 439 1477 ωε
450 1450 552 1478 Petrus
560 1456 618 1477 tam
630 1447 785 1489 gratuitam
798 1447 854 1476 Dei
866 1445 1042 1476 elestionem
1053 1465 1063 1480 ,
1074 1443 1159 1486 quam
1171 1444 1317 1476 delectum
1329 1466 1337 1480 ,
1349 1454 1409 1486 quo
1422 1446 1535 1475 Gentes
1548 1446 1577 1474 in
1588 1443 1731 1486 populum
1744 1443 1824 1473 suurn
1843 1444 2014 1485 coeptabat.
2023 1446 2122 1489 Elegit

394 1501 468 1532 ergo
478 1511 486 1526 2
498 1491 557 1522 hoc
565 1491 620 1528 est,
632 1489 710 1532 quasi
720 1490 824 1521 habito
834 1489 949 1521 delectu
961 1511 970 1525 ,
986 1499 1015 1520 vt
1025 1489 1155 1531 gratuitae
1163 1488 1490 1530 adoptionisl’pecimen
1507 1487 1608 1519 ederet
1628 1489 1655 1520 in
1673 1487 1823 1519 Gentibus
1834 1509 1843 1523 ‚
1854 1489 1950 1519 voluit
1969 1498 1999 1520 vt
2017 1500 2069 1530 per
2086 1499 2123 1521 os

395 1546 495 1565 meum
504 1536 639 1566 audirent
649 1534 801 1579 Euangehj
813 1534 986 1565 doetrinam.
1020 1533 1164 1564 Particula
1175 1554 1183 1567 ‚
1192 1536 1226 1562 In
1237 1533 1325 1563 nobis
1336 1554 1345 1568 ,
1357 1533 1530 1564 tantundem
1543 1533 1633 1568 valet,
1641 1541 1729 1573 atque
1738 1532 1767 1562 in
1778 1532 1936 1574 conspectu
1946 1533 2122 1570 nost1·o‚vel,

394 1579 616 1610 nobistestibus
628 1601 636 1615 ‚
646 1579 736 1613 vel‚in
747 1580 848 1610 medio
859 1577 955 1610 nostri.
991 1576 1142 1617 Significat
1153 1575 1271 1607 enimse
1281 1577 1354 1606 nihil
1365 1587 1497 1610 narrare,
1506 1575 1559 1607 nisi
1569 1575 1753 1607 familiariter
1762 1577 1818 1606 illis
1835 1577 1991 1617 cognitum
2003 1588 2120 1619 ‚vtpote

395 1624 476 1664 quod
488 1626 555 1654 cori
565 1623 630 1664 ipsis
640 1624 721 1664 gestu
731 1621 940 1653 effet.Locutio
949 1620 989 1652 est
998 1624 1027 1652 εῖι
1035 1622 1138 1661 Grecis
1155 1620 1242 1662 quam
1258 1619 1391 1661 Hebreis
1409 1619 1475 1650 satis
1485 1618 1618 1651 tritaznisi
1628 1618 1703 1650 forte
1712 1630 1777 1650 cum
1787 1619 1851 1650 aliis
1860 1619 2006 1651 resoluere
2014 1622 2119 1657 libeat,

395 1671 446 1698 Me
459 1667 549 1708 eleg-it
561 1678 595 1698 ex
605 1668 664 1697 hoc
674 1667 773 1697 nostro
783 1676 877 1697 coetu.

429 1712 472 1744 Er
485 1709 659 1748 crederent.)
683 1713 749 1740 Hoc
760 1709 884 1751 sigillum
896 1707 951 1740 fuit
963 1707 1121 1740 sancienda·
1130 1708 1272 1740 Gentium
1284 1707 1446 1740 vocationi.
1472 1705 1606 1738 Oraculo
1621 1705 1786 1737 iniunctum
1805 1716 1866 1738 erat
1885 1709 1973 1739 Petro
1989 1707 2121 1740 docendi

399 1764 523 1785 munus:
536 1755 583 1786 sed
593 1753 704 1784 fruCtus
713 1764 762 1795 qui
774 1755 912 1794 prouenit
922 1763 956 1783 ex
968 1753 1100 1783 doctrina
1110 1773 1119 1787 ‚
1129 1751 1321 1783 ministerium
1331 1753 1395 1782 eius
1403 1751 1544 1782 nobilitat
1553 1773 1562 1786 ,
1573 1753 1604 1781 δε
1613 1751 1827 1785 authenticum,
1837 1761 1868 1781 vt
1877 1751 2120 1794 loquuntur,ted.

399 1797 527 1830 dit.Nam
538 1797 604 1828 curn
615 1797 752 1838 peculiari
762 1798 883 1837 Spiritus
892 1797 983 1838 gratia
991 1797 1021 1826 in
1032 1796 1120 1826 fidem
1129 1795 1332 1826 illuminentur
1342 1795 1442 1830 electi,
1453 1794 1613 1835 nulluserit
1623 1793 1761 1824 doctrinae
1770 1792 1919 1834 profectus
1927 1815 1937 1829 ,
1950 1794 2002 1825 nifi
2013 1805 2119 1836 quate-

400 1853 455 1873 nus
465 1843 601 1873 virtutem
614 1842 688 1871 suam
698 1842 847 1871 Dominus
855 1850 884 1869 in
897 1839 1033 1870 ministris
1044 1848 1158 1869 exeret:
1170 1839 1248 1870 intus
1257 1848 1359 1870 eorum
1370 1838 1419 1879 qui
1431 1838 1554 1870 audiunt
1564 1846 1680 1868 mentes
1690 1835 1838 1873 docendo,
1847 1840 1966 1870 &intus
1975 1839 2122 1871 trahendo

399 1886 498 1916 corda.
517 1886 594 1926 Ergo
603 1884 669 1915 crim
681 1884 794 1915 iuberet
803 1886 885 1914 Deus
894 1885 928 1914 ad
938 1885 1050 1913 Gentes
1060 1881 1179 1925 perferri
1189 1882 1340 1925 Euangelii
1349 1881 1511 1913 dostrinam
1523 1903 1532 1917 ,
1543 1891 1591 1913 eas
1600 1879 1652 1912 sibi
1662 1880 1772 1913 dicauit
1782 1903 1792 1918 ,
1800 1892 1838 1913 ne
1855 1884 1979 1924 amplius
1995 1882 2124 1926 profanat

397 1929 500 1961 essent.
522 1928 570 1960 sed
581 1938 649 1959 tunc
659 1928 777 1958 demum
789 1929 920 1960 numeris
933 1927 1075 1958 omnibus
1083 1926 1210 1968 perfesta
1223 1926 1277 1961 fuit
1286 1925 1414 1958 solennis
1423 1925 1603 1958 consecratio
1613 1925 1701 1961 ‚dum
1720 1935 1819 1958 earum
1838 1927 1979 1960 cordibus
1994 1938 2045 1970 per
2062 1928 2122 1961 fide

396 1972 543 2014 insculpsit
556 1972 786 2014 adoptionissuae
795 1982 905 2004 notam.
928 1970 1158 2012 Qaecontinub
1167 1971 1231 2012 post
1240 1972 1365 2013 sequitur
1376 1969 1696 2013 sententia,exegetice
1704 1968 1842 2002 sumenda
1860 1971 1910 2002 est.
1944 1970 2074 2012 visibiles
2090 1984 2124 2005 ea

398 2019 459 2050 nim
471 2019 594 2058 Spiritus
605 2018 710 2059 gratias
720 2038 728 2052 ‚
738 2027 859 2058 quarum
871 2017 1006 2049 meminit
1015 2036 1024 2051 ‚
1036 2016 1106 2047 fidei
1116 2016 1244 2048 annectit
1254 2017 1375 2048 Petrus:
1385 2025 1417 2047 vt
1427 2014 1507 2046 certe
1519 2014 1595 2046 nihil
1603 2014 1683 2045 aliud
1692 2025 1775 2047 erant
1786 2036 1796 2051 ‚
1806 2015 1892 2057 quam
1907 2016 1972 2051 eius
1987 2017 2121 2049 acceffio.

398 2064 475 2105 Ergo
485 2063 550 2093 cum
563 2064 675 2093 Gentes
684 2061 792 2103 absque
803 2060 1027 2093 Circuncifione
1036 2063 1068 2092 δε
1077 2061 1254 2092 ceremoniis
1265 2061 1294 2092 in
1303 2059 1446 2102 populum
1455 2060 1513 2090 Dei
1524 2058 1632 2089 insertae
1640 2057 1694 2090 sint
1706 2081 1715 2094 ,
1725 2059 1838 2103 colligit
1847 2063 1951 2092 Petrus
1967 2071 2123 2104 perperam

399 2108 457 2137 illis
467 2107 662 2138 necessitatem
672 2104 814 2137 seruandae
825 2106 1044 2148 Legisimponi.
1068 2101 1299 2138 Videturtamen
1316 2105 1413 2136 minus
1428 2103 1545 2134 firmum
1564 2101 1621 2134 esse
1639 2101 1794 2134 electionis
1808 2104 2123 2147 argumenrum,qubd

400 2152 524 2193 Spiritus
533 2150 644 2182 sanstus
653 2149 735 2189 super
744 2160 791 2181 eas
799 2149 929 2191 delapsus
939 2149 982 2181 sit.
1016 2159 1099 2182 erant
1109 2150 1188 2181 enim
1200 2150 1262 2181 eius
1271 2150 1389 2192 generis
1397 2148 1475 2180 dona
1484 2167 1494 2182 ‚
1505 2157 1542 2179 ex
1549 2147 1658 2189 quibus
1669 2147 1836 2179 ratiocinari
1845 2158 1905 2179 non
1921 2149 2023 2181 liceret
2032 2169 2042 2185 ,
2054 2150 2124 2181 illos

400 2196 432 2227 in
442 2194 546 2226 ordine
556 2196 671 2237 piorum
682 2192 882 2225 censeri.solus
890 2204 987 2225 autem
999 2194 1039 2225 est
1048 2194 1280 2237 regenerationis
1288 2193 1412 2235 Spiritus
1422 2214 1431 2228 ‚
1440 2193 1491 2234 qui
1500 2191 1576 2222 filios
1583 2191 1642 2221 Dei
1651 2191 1688 2222 ab
1698 2191 1801 2222 alienis
1815 2192 1959 2224 discernit.
1992 2194 2124 2235 Respon-

401 2240 478 2273 deo‚
490 2240 626 2273 Quanuis
635 2237 892 2280 donolinguarum
905 2238 1089 2270 &similibus
1100 2240 1186 2275 ,vani
1205 2239 1316 2280 alioqui
1337 2237 1474 2268 homines
1491 2236 1604 2278 praediti
1625 2234 1880 2267 fuerinttl’etrum
1897 2247 1994 2269 tamen
2010 2237 2125 2270 sumere

400 2293 455 2325 pro
464 2281 688 2324 confesso‚quod
697 2292 803 2314 notum
813 2286 983 2317 erat,Deum
998 2294 1027 2315 in
1037 2283 1182 2315 Cornelio
1192 2285 1223 2316 δι
1234 2284 1298 2315 eius
1306 2282 1443 2325 cognatis
1452 2281 1609 2324 gratuitam
1619 2278 1697 2311 suam
1706 2279 1868 2323 adoptione
1875 2280 1982 2313 visibili
1998 2283 2123 2324 Spiritus

401 2329 493 2371 gratia
504 2324 713 2368 obsignasse,ac
723 2325 740 2355 si
753 2325 848 2367 digito
859 2327 936 2357 filios
945 2326 1010 2358 suos
1018 2327 1199 2360 monstraret.
1486 2346 1488 2349 v

455 2373 528 2403 Coo
536 2380 636 2401 iti-ron
648 2369 781 2401 cordium
795 2370 807 2409 )
843 2374 909 2402 Hoc
920 2371 1075 2411 epitheton
1088 2382 1123 2402 ex
1130 2371 1275 2412 praesentis
1287 2368 1372 2401 causae
1381 2367 1583 2400 circunstantia
1592 2369 1660 2399 Deo
1678 2367 1885 2401 accommodat
1895 2379 1903 2400 z
1913 2367 2065 2413 subestque
2081 2380 2124 2403 ta-

404 2415 463 2447 cita
471 2413 622 2447 antithesis
631 2433 642 2448 s
653 2413 747 2452 de
755 2414 892 2445 homines
902 2424 1024 2446 externat
1031 2415 1149 2454 puritati
1160 2416 1254 2458 magis
1263 2414 1370 2446 addicti
1381 2413 1443 2443 sunt
1452 2434 1460 2448 ‚
1472 2413 1539 2453 quia
1550 2413 1681 2443 iudicant
1693 2422 1726 2443 ex
1736 2412 1825 2444 crasso
1834 2416 1865 2445 δε
1874 2414 2048 2447 terrenosuo
2058 2414 2121 2446 sen-

407 2459 436 2490 su
448 2461 545 2491 :Deus
554 2468 651 2490 autem
662 2457 751 2489 corda
760 2457 883 2499 inspicit.
908 2458 1059 2488 Admonet
1068 2458 1157 2499 igitur
1167 2461 1271 2490 Petrus
1283 2456 1452 2498 praepostere
1461 2457 1589 2486 humano
1598 2454 1675 2486 sensu
1690 2457 1831 2489 iudicium
1843 2457 1905 2489 fieri
1915 2459 1951 2490 de
1969 2458 2020 2491 hac
2031 2461 2123 2494 causa,

408 2504 476 2535 crim
486 2503 543 2533 sola
554 2503 673 2534 interior
682 2501 816 2533 cordium
826 2503 936 2543 puritas
946 2501 994 2531 hic
1004 2501 1170 2532 aestimenda
1182 2501 1215 2533 sit
1223 2523 1233 2537 ,
1252 2512 1314 2542 quae
1323 2500 1413 2530 nobis
1423 2499 1540 2532 occulta
1553 2500 1602 2530 est.
1624 2509 1710 2542 atque
1720 2500 1778 2532 hoc
1790 2503 1880 2534 modo
1890 2500 2007 2542 fraenum
2028 2504 2124 2536 iniicit

409 2548 510 2579 nostrce
518 2547 675 2578 temeritati
687 2565 696 2580 ,
706 2556 743 2576 ne
754 2546 820 2587 plus
828 2546 914 2576 nobis
923 2545 1009 2587 quam
1022 2556 1072 2586 par
1081 2544 1116 2576 sit
1126 2565 1136 2580 ,
1147 2544 1292 2576 sumentes
1300 2565 1310 2579 ,
1319 2545 1376 2574 Dei
1386 2544 1496 2574 iudicio
1506 2544 1752 2585 obstrepamus-ac
1762 2544 1781 2576 si
1792 2546 1902 2578 diceret
1914 2569 1923 2583 ,
1932 2547 1960 2578 Si
1977 2547 2032 2579 tibi
2047 2549 2124 2580 ratio

408 2592 567 2623 testimonii
579 2592 658 2633 quod
669 2590 725 2621 illis
735 2592 817 2621 Deus
825 2590 953 2621 reddidit
965 2607 974 2621 2
986 2600 1046 2619 non
1057 2599 1174 2631 apparet
1183 2610 1192 2624 ,
1204 2591 1300 2630 cogita
1310 2597 1450 2630 quantum
1462 2589 1538 2620 inter
1547 2598 1575 2620 te
1585 2590 1617 2620 δε
1628 2588 1710 2619 illum
1721 2588 1874 2621 intersitae
1883 2592 1961 2622 enim
1971 2603 2025 2633 pro
2033 2590 2124 2622 crasso

410 2646 463 2668 tuo
473 2636 593 2678 ingenio
604 2634 717 2666 detinet
728 2644 863 2665 externus
875 2633 1008 2675 splendor
1021 2652 1030 2665 2
1039 2644 1126 2675 quem
1138 2632 1272 2664 facessere
1280 2641 1400 2673 oportet
1409 2632 1495 2667 ,dum
1507 2633 1543 2664 ad
1563 2632 1670 2664 caeleste
1686 2632 1815 2663 tribunal
1834 2635 1948 2665 venitur
1957 2656 1967 2671 ,
1977 2636 2028 2667 vbi
2044 2633 2124 2676 spiri-

409 2677 495 2711 tualis
505 2680 541 2711 de
552 2679 692 2711 cordibus
702 2679 826 2710 habetur
835 2678 980 2720 cognitio.
1015 2677 1158 2709 Caetertim
1170 2677 1311 2720 generalis
1323 2676 1438 2708 interim
1449 2677 1582 2708 doctrina
1589 2677 1714 2708 tenenda
1735 2677 1792 2713 esi,
1802 2676 1882 2719 qubd
1899 2679 1976 2710 oculi
1998 2679 2124 2711 Domini

257 2750 331 2771 recen
346 2753 351 2756 ,
410 2735 469 2755 non
481 2723 593 2755 fucosas
603 2734 726 2764 operum
736 2733 858 2763 pompas
867 2745 874 2758 ,
885 2721 931 2753 sed
945 2721 1044 2753 cordis
1053 2722 1252 2764 integritatem
1259 2721 1396 2763 aspiciant
1405 2739 1415 2754 ‚
1427 2719 1506 2752 sicuti
1516 2722 1639 2753 habetur
1649 2721 1779 2751 Ieremia·
1787 2722 1902 2762 quinto.
1935 2723 2028 2760 Quod
2040 2732 2125 2754 vetus

257 2789 297 2810 ²·3·
313 2767 315 2769 ’
337 2758 359 2774 Τ
408 2771 559 2810 Interpres
567 2771 598 2800 δε
607 2767 736 2799 Erasinus
745 2766 924 2798 transferunt
933 2787 941 2801 ,
949 2768 1047 2798 Deum
1055 2764 1166 2797 nouisse
1176 2766 1262 2797 corda
1273 2787 1282 2802 ,
1291 2776 1350 2796 non
1361 2764 1424 2796 satis
1433 2766 1568 2806 exprimit
1579 2766 1657 2807 quod
1667 2765 1766 2796 Graece
1775 2766 1844 2797 dicit
1853 2770 1959 2802 Lucas,
1981 2778 2047 2798 nam
2055 2768 2125 2800 Dei

411 2823 519 2844 vocans
528 2809 789 2853 mpfioyoocnu‚eum
800 2811 928 2853 opponit
940 2809 1174 2852 hominibus,qui
1187 2811 1224 2840 ab
1234 2819 1351 2842 externa
1361 2810 1455 2851 magis
1465 2809 1558 2851 specie
1568 2820 1598 2842 vt
1609 2804 1767 2852 plurimtim
1778 2809 2049 2854 iudicantzideoque
2057 2822 2124 2848 σο-

412 2855 582 2897 compsit-au
591 2856 689 2888 vocari
698 2855 828 2898 possunt,
838 2854 857 2886 si
866 2865 932 2885 cum
943 2856 1012 2885 Deo
1034 2855 1233 2886 conferantur·

445 2913 460 2933 9
505 2904 548 2932 Νι
559 2911 680 2937 arrosa
695 2899 856 2940 discreuit.)
884 2898 1047 2930 Discrimen
1059 2898 1179 2941 quidem
1188 2907 1248 2930 erat
1257 2918 1267 2933 ‚
1277 2895 1357 2939 qubd
1368 2899 1502 2931 Gentiles
1511 2897 1631 2940 tepente
1639 2907 1672 2929 ex
1684 2897 1824 2940 praeputio
1834 2898 1945 2930 admiffi
1961 2897 2075 2932 fuerant
2092 2899 2123 2930 in

412 2941 512 2975 foedus
523 2945 586 2976 vitae
594 2953 718 2975 aeternae:
727 2943 793 2976 cdm
804 2944 916 2975 Iudaeos
926 2942 1110 2975 Circuncisio
1120 2939 1289 2985 praeparasset
1298 2943 1333 2972 ad
1343 2942 1442 2975 sidem.
1467 2943 1514 2975 sed
1524 2942 1663 2984 inteiligit
1673 2944 1778 2974 Petrus
1789 2944 1926 2985 vtrosque
1935 2943 2038 2984 pariter
2054 2942 2124 2973 alle-

414 2987 477 3018 etos
487 2986 542 3018 effe
551 2989 566 3018 a
574 2992 642 3020 Deo
650 2989 679 3019 in
690 2987 764 3028 spem
775 2986 904 3020 eiusdem
915 2987 1089 3019 haereditatis
1097 3009 1106 3024 ,
1115 2991 1148 3020 &
1159 2989 1188 3019 in
1199 2986 1265 3029 pare
1274 2986 1395 3018 honoris
1405 2989 1494 3030 gradu
1503 2985 1585 3018 fuisse
1596 2986 1758 3022 euectos,vt
1767 2988 1825 3018 Dei
1836 2986 1888 3018 filii
1897 2985 1986 3018 essent
1996 2996 2028 3017 ac
2035 2987 2125 3018 Chri-

413 3031 447 3062 sti
457 3032 588 3063 membra
598 3054 607 3068 ‚
616 3031 743 3063 sanctum
753 3032 882 3074 denique
892 3031 1016 3063 Abrahae
1030 3031 1126 3063 semen
1137 3053 1147 3069 ,
1159 3029 1305 3074 gentisque
1315 3029 1487 3064 sacerdotale
1496 3042 1529 3062 ac
1545 3032 1670 3073 regium.
1691 3031 1777 3063 Vnde
1785 3031 1912 3074 sequitur
1928 3041 1990 3061 non
2006 3030 2067 3062 fine
2082 3030 2125 3062 sa·

264 3092 352 3122 mm,
414 3075 537 3118 crilegio
547 3075 716 3115 immundos
724 3075 804 3117 posse
817 3076 919 3108 haberi
929 3096 938 3109 ‚
948 3086 980 3105 ex
989 3086 1048 3117 quo
1057 3075 1110 3106 sibi
1121 3078 1149 3107 in
1159 3074 1307 3117 peculium
1316 3076 1405 3118 elegit
1416 3076 1490 3117 ipsos
1499 3078 1589 3107 Deus:
1600 3075 1671 3107 &in
1681 3073 1756 3106 sacra
1769 3075 1871 3117 templi
1880 3073 1920 3105 sui
1931 3074 1993 3105 vasa
2003 3075 2126 3107 dicauit.

266 3133 317 3152 ‹⁴4-
413 3120 518 3155 Diruta
530 3121 606 3152 enim
619 3122 742 3151 maceria
754 3142 761 3155 ,
773 3131 829 3162 qua
839 3121 915 3151 inter
925 3118 952 3150 se
960 3119 1043 3151 diuisi
1053 3131 1136 3151 erant
1146 3142 1155 3156 ‚
1165 3122 1277 3151 Gentes
1287 3118 1416 3150 adiunxit
1426 3121 1545 3155 [udat-is,
1554 3129 1584 3151 vt
1593 3120 1624 3151 in
1635 3129 1742 3161 corpus
1752 3129 1842 3151 vnum
1860 3117 2126 3151 coalescerenttat-

414 3174 472 3206 que
487 3173 519 3194 vt
529 3163 567 3194 ita
575 3162 945 3205 loquar,Circuncisionem
959 3162 1073 3195 miscuit
1086 3165 1271 3205 praeputium
1279 3172 1336 3194 tam
1350 3164 1502 3196 domestici
1512 3163 1599 3207 quam
1609 3163 1738 3196 extranei
1747 3173 1838 3197 vnum
1849 3159 1904 3195 sint
1912 3163 1940 3194 in
1951 3162 2080 3200 Christo,
2091 3166 2125 3196 δε

414 3219 499 3242 vnam
508 3206 662 3238 Ecclesiam
673 3207 866 3239 effici-intznec
877 3207 908 3240 sit
917 3208 1041 3249 amplius
1051 3209 1099 3239 vel
1107 3210 1218 3240 tudaeus
1229 3206 1274 3238 vel
1283 3209 1406 3238 Gracus.
1670 3228 1672 3233 ·
1849 3234 1855 3240 .

469 3254 565 3290 Qvia
573 3250 630 3282 fide
640 3249 835 3292 purificasset.)
858 3251 1025 3294 Respondet
1042 3254 1100 3283 hoc
1111 3253 1276 3283 membrum
1285 3250 1423 3293 superiori
1439 3251 1574 3292 epitheto
1592 3251 1672 3293 quod
1692 3254 1758 3282 Deo
1773 3249 1900 3291 aptauit:
1913 3261 1947 3282 ac
1962 3250 1982 3281 fi
2000 3251 2125 3286 diceret,
2304 3239 2308 3260 ⁶

418 3297 514 3330 Deum
524 3317 535 3332 ,
544 3296 594 3337 vi
603 3295 734 3332 cordium
743 3294 782 3326 est
791 3297 928 3336 cognitor
939 3317 948 3331 ,
958 3296 1037 3327 intus
1045 3295 1175 3337 purgasse
1185 3298 1296 3327 Gentes
1305 3314 1316 3330 ,
1325 3305 1413 3338 quum
1423 3307 1470 3326 eas
1479 3297 1615 3337 dignatus
1623 3296 1662 3327 est
1680 3295 1726 3327 sua
1742 3294 1905 3336 adoptione
1915 3316 1926 3330 ,
1942 3306 1972 3327 vt
1988 3292 2125 3335 spirituali
2305 3302 2308 3320 ¹

420 3340 561 3371 munditia
570 3339 690 3381 praedirae
699 3336 798 3371 essent.
830 3338 876 3370 sed
886 3340 967 3371 addit
974 3349 1108 3382 praeterea
1117 3342 1271 3382 puritatem
1286 3340 1359 3371 hanc
1368 3339 1396 3370 in
1406 3339 1463 3370 fide
1473 3338 1550 3371 sitam
1561 3338 1626 3370 effe.
1643 3342 1740 3371 Docet
1750 3349 1821 3381 ergo
1832 3337 1958 3380 primurn
1976 3339 2125 3370 Gentibus
2305 3322 2308 3415 ξ

418 3381 524 3423 absque
533 3384 709 3426 ceremoniis
716 3382 845 3415 constare
855 3394 952 3415 veram
961 3382 1139 3416 sanstitatem
1151 3407 1160 3422 ‚
1170 3395 1232 3427 quae
1240 3383 1317 3426 apud
1327 3383 1383 3416 Dei
1393 3383 1520 3414 tribunal
1530 3383 1654 3416 sufficiat.
1687 3382 1794 3414 deinde
1804 3384 1879 3414 hanc
1891 3384 1978 3415 docet
1998 3383 2054 3413 fide
2071 3383 2127 3421 ob-

271 3445 285 3464 p
294 3449 364 3469 ama.
418 3425 521 3459 tinen,
531 3428 561 3457 8<
573 3437 607 3458 ex
616 3438 647 3459 ea
657 3438 783 3460 manare.
815 3427 925 3458 Eodem
938 3427 1029 3458 niodo
1037 3428 1153 3470 colligit
1161 3427 1279 3462 Paulus,
1290 3438 1349 3460 non
1360 3427 1475 3458 obstare
1486 3428 1599 3459 homini
1610 3428 1781 3468 praeputium
1793 3428 1862 3468 quin
1874 3427 1962 3459 iustus
1973 3429 2002 3459 δε
2013 3426 2125 3458 sanctus

271 3482 313 3497 ιι,
419 3479 568 3511 reputetur
578 3481 676 3503 coram
684 3474 767 3505 Deo:
778 3471 844 3524 quia
854 3471 883 3503 in
891 3470 1009 3513 Abrah5
1019 3470 1139 3512 persona
1148 3471 1287 3505 iustitiam
1296 3471 1391 3505 secuta
1401 3470 1440 3503 est
1456 3471 1639 3503 Circuncisro
1650 3489 1659 3504 ,
1671 3473 1702 3502 8<
1723 3471 1829 3503 ordine
1842 3472 1985 3513 temporis
2000 3470 2056 3546 fppt
2069 3480 2125 3545 pq-

1065 3523 1069 3525 ·
2036 3524 2098 3546 erro
2115 3535 2123 3541 a
