2310 3841
287 124 300 149 ’3

207 224 286 263 Iuda
294 235 403 261 ortum
409 222 625 274 effareliquos
635 238 740 264 autem
754 223 843 262 fuisse
862 238 1045 264 commotos

208 286 242 309 vt
252 275 282 309 ei
291 272 518 310 subscriberent
527 295 537 313 ,
548 285 582 308 vt
593 272 685 311 facile
694 275 740 311 est
749 274 972 324 susurris,quas1
989 275 1046 312 fla-

208 321 324 362 bellis,
351 333 452 360 varios
470 322 505 355 iu
522 322 619 359 nobis
640 323 771 360 affectus
786 325 914 359 accendi
933 338 943 359 ι
965 337 1044 371 prae-

207 370 318 405 sertim
335 369 413 407 verb
424 375 438 411 (
450 380 482 404 vt
491 369 628 406 nimium
643 372 682 406 ad
699 369 817 406 sinistra
837 372 951 407 iudicia
967 384 1045 419 pro-

205 417 294 465 pensi
310 416 432 456 sumus)
445 416 696 455 obtreffitationes
712 419 863 456 locumin
879 420 975 454 nobis
990 420 1042 455 in-

205 467 348 501 ueniunt.
361 465 483 501 Verum
492 468 660 502 credulitas
672 480 767 515 quam
782 467 916 514 Spiritus
925 468 991 503 Dei
1003 470 1039 504 in

205 513 371 560 Apostolis
379 513 599 560 reprehendit,
619 514 716 550 nobis
724 516 870 562 exemplo
879 515 924 551 est
932 528 973 551 ne
983 528 1039 552 au-

205 562 330 597 diendis
341 561 489 608 malignis
499 563 632 599 vocibus
643 563 779 599 nimium
788 563 883 599 simus
890 563 994 599 faciles
1003 577 1039 600 ac

205 610 337 646 creduli.

250 668 266 702 5
301 660 604 707 Qrevnguentum
616 657 670 695 boc
682 670 749 695 non.
774 663 788 698 )
807 659 958 706 Vulgaris
979 670 1039 696 vn-

204 716 316 752 gueuti
332 713 414 740 libra
433 708 546 741 decern
561 717 684 741 tantum
702 707 841 742 denariis
858 707 1036 746 constabat,

203 753 282 788 teste
299 754 424 788 Plinio:
442 754 492 789 sed
509 753 665 789 summum
682 754 820 801 pretium
836 755 954 802 optimi
978 766 1039 789 vn·

203 803 315 849 guenti
325 803 412 837 idem
420 801 524 837 statuit
538 811 696 836 trecentos
705 807 737 840 ἃ
749 804 860 838 decem
877 803 1036 838 denarios.

203 848 420 885 eoiisentiunt
433 861 535 885 autem
553 849 760 898 Euangelistae
777 847 866 885 fuisse
884 851 948 885 hoc
963 861 1038 896 pre-

202 896 402 934 tiosissimum
412 905 571 945 vnguentu
576 909 621 941 m·
647 909 744 944 quare
758 910 825 932 non
835 898 891 931 abs
900 910 934 931 re
943 899 1037 934 Iudas

202 944 319 981 libram
328 955 478 980 trecentis
487 944 623 978 denariis
630 945 771 980 aestimat.
783 958 852 993 quae
869 944 989 980 summa
998 946 1037 980 ad

203 993 430 1041 quinquaginta
438 992 534 1026 libras
543 1002 680 1035 monetae
698 994 883 1032 Gallicae‚ex
892 990 1037 1040 supputa-

203 1043 295 1077 tione
303 1039 560 1079 Budae1‚ascendit
580 1041 683 1075 Porro
693 1053 790 1087 quum
800 1053 915 1076 omnes
923 1040 988 1076 fere
997 1041 1037 1077 de

201 1087 536 1134 liciaeluxumsuperflu
561 1088 793 1135 mimplicitum
803 1088 952 1128 habeant,
972 1102 1039 1136 quo

203 1138 307 1172 maior
317 1147 382 1173 erat
397 1136 671 1182 pecuniaeiac‘tura
698 1160 709 1173 ,
733 1149 773 1171 eo
782 1139 852 1184 plus
871 1139 990 1172 coloris
1000 1137 1038 1172 ad

201 1186 464 1220 murmurandum
479 1183 590 1219 habuit
602 1185 766 1220 ludaszacfi
776 1186 941 1224 dicerer,Si
950 1184 1040 1220 fecis-

203 1232 248 1268 set
256 1232 359 1268 Maria
367 1234 516 1280 exiguum
526 1230 696 1279 sumptum,
706 1233 912 1269 excusationis
921 1234 1040 1280 aliquid

202 1279 353 1315 haberet:
380 1292 421 1315 nu
427 1293 464 1314 nc
473 1281 551 1316 vero
567 1293 666 1330 quum
676 1281 709 1314 in
719 1293 753 1316 re
762 1282 855 1316 nihili
864 1281 1039 1317 immanem

203 1329 344 1375 pecuniae
360 1326 515 1363 summam
525 1329 977 1375 perdiderit‚n6nneiniuriam
995 1328 1042 1364 se-

204 1376 250 1412 eit
271 1375 472 1422 pauperibus,
482 1378 537 1423 qui
547 1379 682 1412 inultum
692 1377 768 1412 inde
786 1378 955 1414 leuationis
970 1377 1041 1412 sen.

205 1426 267 1458 tire
276 1435 421 1470 poterant
431 1427 444 1458 ?
454 1425 588 1461 Nullam
607 1436 687 1473 ergo
703 1425 830 1462 veniam
854 1436 992 1461 meretur
1007 1439 1042 1461 e-

207 1471 257 1508 ius
267 1471 397 1508 fastum.

242 1526 262 1554 6
297 1522 384 1570 Quia
392 1519 550 1563 furerat.)
586 1520 719 1569 Reliqui
728 1521 956 1568 Apostolinon
973 1533 1041 1557 ma-

204 1568 239 1603 lo
250 1572 381 1616 quidem
391 1566 574 1608 studi0‚sed
591 1568 822 1604 inconsiderate
856 1591 867 1607 ‚
903 1570 1041 1604 Mariam

205 1615 366 1650 damnant:
375 1615 468 1650 ludas
476 1626 581 1650 autem
591 1615 698 1651 sceleri
715 1615 771 1650 suo
789 1616 959 1652 honestum
970 1628 1042 1664 pre-

203 1673 324 1699 textum
334 1673 447 1711 captat,
459 1675 557 1710 quum
573 1675 725 1712 pauperes
734 1664 768 1698 in
783 1665 924 1700 medium
943 1665 1042 1699 addu-

204 1712 401 1760 cit‚quorum
413 1711 553 1746 nullailli
562 1723 626 1747 erat
636 1725 719 1747 cura.
749 1714 918 1748 Docemur
935 1725 1043 1748 autem

205 1759 270 1795 hoc
279 1761 427 1806 exemplo
436 1759 532 1807 quam
551 1758 725 1795 monstrosa
743 1760 849 1806 bellua
867 1761 904 1795 sit
921 1761 1044 1796 haben-

206 1807 242 1842 di
259 1806 577 1854 cupiditas:damuum
593 1807 683 1854 quod
700 1806 758 1842 fibi
775 1806 877 1843 fecisse
887 1809 978 1843 Iudas
995 1809 1045 1842 vi-

207 1854 413 1894 detur‚ablata
421 1851 545 1890 furandi
562 1855 759 1894 materia‚ad
775 1867 892 1891 tantam
908 1869 982 1891 eum
998 1868 1045 1891 ra-

207 1902 299 1938 biem
315 1902 415 1950 adigit
430 1913 465 1936 vt
483 1901 647 1938 Christum
665 1903 802 1949 prodere
820 1917 887 1938 non
905 1903 1043 1939 dubitet.

207 1950 252 1986 Et
263 1950 415 1984 credibile
429 1949 549 1984 estnon
567 1949 668 1984 modo
684 1951 766 1996 apud
774 1951 854 1986 alios
872 1955 1045 1986 mentitum

209 1996 300 2033 fuisse
316 1998 354 2032 de
373 1996 563 2044 pauperibus
577 1995 727 2031 fraudatis
746 2009 755 2030 ι
774 1996 826 2032 sed
842 1997 899 2032 fibi
915 2011 1046 2046 quoque

209 2046 297 2080 intus
314 2052 375 2088 (avt
395 2043 559 2091 hypocrite
583 2041 697 2083 solent)
709 2045 886 2080 blanditum
896 2046 1047 2092 essequa-

210 2093 234 2129 fi
245 2095 315 2128 leue
324 2093 474 2128 delinitum
485 2089 558 2126 esset
566 2091 687 2128 Christi
696 2092 1048 2140 proditio,quapensare

210 2141 342 2176 volebat
356 2150 519 2185 acceptum
536 2140 701 2175 damnum.
737 2141 899 2176 Prodendi
917 2142 1048 2188 quidem

211 2188 332 2224 Christi
344 2201 404 2223 vna
418 2187 477 2222 fuit
495 2186 592 2223 caussa
602 2210 612 2227 ‚
621 2200 655 2224 vt
663 2188 791 2235 predam
800 2188 819 2223 ὲ
830 2189 976 2224 manibus
987 2190 1050 2224 ela*

211 2236 299 2284 psam
309 2237 348 2271 ad
359 2235 388 2271 se
399 2235 636 2283 quoquomodo
653 2236 836 2271 retraheret.
874 2237 960 2272 Nam
971 2249 1050 2272 con-

212 2296 304 2331 cepta
313 2286 358 2319 ob
366 2285 490 2318 lucrum
500 2282 641 2318 amissum
649 2283 829 2332 indignatio
837 2297 909 2319 eum
927 2286 965 2320 ad
975 2297 1052 2332 pro-

214 2333 314 2370 dendi
331 2332 452 2367 Christi
467 2330 635 2366 consilium
651 2332 789 2379 impulit.
815 2333 937 2368 Mirum
946 2343 1052 2367 autern

215 2379 262 2415 est
279 2392 332 2414 cur
355 2381 450 2415 talem
478 2390 688 2414 <economum
713 2379 869 2427 delegerit
892 2379 1052 2419 Christus,

215 2440 315 2475 quem
325 2426 441 2462 sciebat
451 2425 551 2461 furem
569 2423 641 2461 esse.
652 2425 730 2473 quid
741 2429 830 2462 enim
847 2426 913 2461 hoc
936 2437 1001 2461 erat
1017 2439 1052 2462 a·

218 2475 288 2510 liud
306 2475 400 2522 quim
419 2474 566 2521 laqueum
583 2474 746 2521 porrigere
761 2486 828 2521 quo
837 2472 868 2508 se
877 2472 1053 2521 strangula-

217 2524 366 2558 ret?Non
376 2521 421 2557 est
431 2521 520 2569 quod
528 2519 580 2556 hic
588 2519 776 2568 respondeat
784 2522 928 2557 mortalis
936 2522 1052 2560 homo,

216 2570 276 2605 nisi
295 2570 361 2604 Dei
378 2570 493 2604 iudicia
512 2567 700 2617 profimdam
719 2568 780 2605 esse
796 2566 946 2616 abyssum.
965 2574 1052 2605 lnte-

216 2629 271 2653 rea
279 2616 399 2652 Christi
407 2615 524 2653 fastum
532 2616 567 2651 in
585 2628 794 2653 communem
811 2618 954 2664 regulam
969 2617 1054 2653 trahi

218 2678 288 2701 non
297 2664 392 2700 debet
404 2688 414 2705 ,
424 2675 457 2699 vt
472 2676 645 2712 pauperum
660 2676 767 2700 curam
776 2665 828 2699 vel
837 2665 923 2700 aliud
932 2665 1054 2701 sacrum

219 2724 339 2750 munus
353 2711 540 2749 mandemus
554 2711 682 2747 homini
698 2725 834 2761 nequam
844 2716 877 2748 &
891 2711 1055 2750 scelerato.

221 2764 346 2808 Legem
365 2759 454 2794 enim
471 2760 624 2806 imposuit
640 2760 736 2794 nobis
760 2762 852 2796 Deus
870 2760 999 2808 quinam
1016 2761 1056 2796 ad

220 2805 368 2844 Ecclefiae
382 2807 527 2853 regimen
544 2805 668 2854 alisque
694 2806 803 2844 officia
827 2809 962 2845 vocandi
989 2807 1059 2844 sint:

221 2857 306 2892 hanc
315 2851 490 2901 transgredi
499 2851 545 2888 fas
553 2865 622 2888 non
630 2853 687 2889 est.
724 2855 798 2890 Alia
809 2852 870 2891 fuit
879 2855 1000 2892 Christi
1010 2869 1059 2892 ra-

225 2904 274 2939 tio
283 2918 294 2937 .-
303 2902 358 2950 qui
368 2914 466 2949 quum
475 2912 589 2937 aeterna
604 2902 671 2938 Dei
680 2900 755 2938 esset
763 2902 910 2950 sapientia
923 2926 935 2943 ‚
943 2916 1060 2940 arcanae

225 2953 295 2988 eius
312 2949 578 2999 predestinationi
587 2949 622 2985 in
637 2950 723 2986 ludae
738 2950 870 2998 persona
887 2953 995 2988 locum
1005 2953 1062 2988 de-

227 3000 287 3036 dit.

277 3049 300 3082 6
346 3048 417 3084 Sine
435 3050 526 3084 eam.)
564 3048 677 3088 Quum
694 3045 831 3082 Mariam
847 3047 955 3083 omitti
972 3046 1063 3083 iubet

231 3093 377 3132 Christus
394 3117 406 3134 ‚
422 3105 586 3140 perperam
604 3097 635 3128 &
652 3091 766 3129 iniuste
782 3095 884 3130 facere
900 3096 994 3131 docet
1009 3096 1066 3143 qui

234 3143 385 3187 proximis
393 3141 454 3177 suis
463 3140 528 3176 sine
535 3139 622 3176 causa
631 3141 756 3176 molesti
771 3141 841 3177 sunt
849 3155 904 3182 ,ac
927 3144 1015 3179 litem
1026 3144 1066 3177 de

235 3187 340 3223 nihilo
356 3191 524 3225 intentant.
562 3188 710 3237 Longior
719 3188 764 3224 est
771 3191 852 3237 apud
868 3190 949 3225 alios
959 3190 1066 3226 Euan-

237 3235 365 3281 gelistas
375 3236 494 3272 Christi
504 3234 664 3282 responsio
672 3258 683 3273 2
694 3234 814 3274 summa
823 3249 930 3274 tamen
947 3238 1066 3274 eadem.

239 3282 364 3317 vnffio
371 3295 464 3330 quam
475 3285 566 3319 ludas
574 3283 718 3330 culpabat
726 3308 736 3321 ‚
744 3284 807 3321 hoc
817 3284 1064 3321 nominedefen.

242 3328 330 3363 ditur
336 3331 423 3377 quod
432 3330 467 3366 sit
475 3330 687 3378 sepulchralis.
701 3331 789 3381 Ergo
798 3337 843 3369 n6
853 3334 967 3380 probat
976 3332 1068 3367 Chri-

243 3375 309 3412 stus
326 3376 408 3423 qnasi
421 3379 619 3415 ordinarium
628 3380 745 3415 cultum
753 3403 765 3420 ,
775 3385 807 3417 &
819 3382 908 3417 cuius
920 3392 1067 3415 commu-

245 3424 298 3459 nis
317 3422 679 3463 inEcclesiaeffedebeat
688 3425 768 3463 vsus.
793 3441 867 3464 nam
886 3428 907 3463 si
925 3427 1068 3474 quotidie

243 3473 308 3522 tale
316 3470 375 3507 fibi
382 3468 525 3508 officium
540 3474 675 3521 praestari
693 3477 787 3513 vellet
803 3499 815 3519 ‚
825 3475 951 3526 quiduis
958 3475 1067 3525 potius

586 145 1004 197 sechnvM
1034 124 1469 206 IOHANQM.

1860 170 1928 203 129

1085 226 1207 262 dixiss'et
1219 229 1313 274 quam
1326 231 1389 267 hoc
1451 229 1752 271 ulturaesuaedatum.
1789 235 1832 270 Et
1852 251 1922 273 cer-

1084 277 1116 328 te
1126 277 1215 328 Deus
1223 288 1364 314 externas
1372 293 1447 326 pom
1489 296 1501 318 s
1511 295 1577 317 non
1589 286 1811 319 moraturzimo
1822 299 1920 332 quum

1085 335 1183 358 nimis
1199 327 1344 378 procliue
1361 329 1400 362 ad
1419 340 1492 362 carn
1540 345 1553 366 s
1569 332 1646 366 ritus
1670 332 1813 366 hominis
1828 336 1919 382 inge-

1087 375 1176 406 nium
1186 373 1246 406 efle
1256 374 1361 409 videat
1377 396 1387 412 ‚
1421 373 1629 414 subindbnos
1640 381 1673 413 in
1684 382 1745 415 illis
1756 393 1865 426 parcos
1888 388 1920 417 ὅ(

1087 417 1212 454 sobrios
1222 417 1281 455 esse
1293 422 1390 457 iubet.
1415 426 1523 468 Qarc
1541 436 1577 470 pr
1623 428 1718 463 osteri
1736 430 1805 464 suut
1823 431 1922 464 iuter-

1089 478 1193 514 pretes
1207 469 1262 516 qui
1271 483 1308 504 ex
1340 470 1461 506 Christi
1479 436 1648 516 respossn
1678 473 1919 526 ferunr‚placere

1089 517 1166 551 Deo
1174 516 1374 563 sumptuosos
1384 522 1415 554 δι
1427 519 1616 565 magnificos
1625 488 1723 565 ciffus
1733 540 1740 559 :
1750 540 1848 574 quum
1857 539 1918 572 po-

1090 565 1153 598 tius
1165 566 1302 600 Mariam
1319 564 1452 605 excuset,
1473 580 1513 601 eo
1532 570 1618 613 quod
1637 576 1918 609 extraordinarium

1088 611 1148 646 fibi
1157 610 1300 648 officium
1309 614 1497 661 praestiterit,
1511 618 1598 662 quod
1610 618 1649 651 ad
1663 629 1841 666 perpetuam
1859 634 1918 655 co-

1088 661 1178 695 lendi
1191 663 1254 696 Dei
1274 675 1421 697 normam
1439 665 1522 710 exigi
1535 676 1600 698 non
1619 665 1759 700 decebat.
1796 671 1830 703 In
1838 671 1919 705 diem

1081 709 1425 757 sepulturae,&c.Qum
1434 713 1510 746 dicit
1520 711 1670 748 seruatum
1682 711 1767 748 fuisse
1778 729 1923 764 vnguen-

1088 756 1408 804 tum,sign1ficatnon
1431 761 1652 807 intempestiue
1673 761 1835 808 profusum
1853 767 1924 804 effe,

1088 802 1141 838 sed
1151 813 1210 851 pro
1225 808 1377 852 temporis
1387 807 1617 845 circumstantia.
1635 812 1755 844 Seruari
1774 812 1860 846 enim
1872 814 1921 847 di-

1087 855 1168 885 citur
1188 854 1275 899 quod
1304 854 1436 890 habetur
1446 856 1529 902 quasi
1548 856 1603 891 sub
1614 858 1754 893 custodia
1769 870 1821 898 ‚vt
1832 873 1922 894 com-

1087 899 1223 935 mode&
1237 905 1416 948 opportune
1426 916 1597 949 promatur.
1616 907 1749 941 Certum
1761 909 1846 942 enim
1866 909 1922 948 est,

1086 946 1181 994 siquis
1211 947 1396 996 sumptuosis
1418 953 1540 986 deliciis
1563 965 1635 987 eum
1660 967 1732 988 ante
1757 955 1922 994 onerasset,

1085 1007 1154 1029 non
1175 994 1262 1031 fuisse
1278 996 1445 1042 passurum.
1480 1003 1580 1046 Atqui
1598 1013 1691 1047 negat
1710 1015 1746 1036 ex
1763 1017 1854 1039 more
1875 1003 1922 1038 fe—

1089 1041 1160 1078 cisse
1170 1046 1319 1083 Mariam,
1329 1044 1380 1081 sed
1392 1058 1424 1081 vt
1436 1047 1490 1081 sibi
1503 1059 1678 1083 extremum
1696 1049 1841 1085 officium
1859 1052 1923 1086 im-

1087 1092 1251 1136 penderet.
1287 1095 1389 1130 Ροτῑὸ
1402 1108 1572 1142 corporum
1590 1098 1700 1131 vnfflo
1717 1109 1793 1132 tunc
1810 1111 1875 1133 non
1896 1100 1924 1131 i·-

1090 1139 1181 1174 nanis
1199 1142 1527 1188 caeremoniaerat,sed
1545 1145 1651 1190 potius
1670 1145 1826 1192 spirituale
1843 1147 1924 1193 sym-

1090 1185 1203 1222 bolum
1215 1210 1225 1227 ‚
1251 1191 1337 1237 quod
1357 1189 1442 1236 spem
1459 1191 1698 1228 resurrectionis
1721 1205 1794 1228 ante
1812 1197 1923 1229 oculos

1090 1246 1234 1283 poneret.
1271 1235 1423 1273 Obscurae
1447 1241 1549 1276 adhuc
1575 1252 1663 1275 erant
1688 1241 1925 1288 promissiones,

1090 1285 1236 1319 nondum
1253 1284 1458 1321 resurrexerat
1483 1287 1640 1326 Christus,
1649 1290 1703 1335 qui
1722 1302 1788 1324 non
1807 1302 1905 1325 imme

1089 1331 1154 1365 rito
1164 1343 1293 1367 vocatur
1305 1331 1531 1381 resurgentium
1543 1338 1698 1382 primitiae.
1739 1339 1827 1386 Ergo
1846 1351 1925 1385 opus

1089 1379 1206 1413 talibus
1221 1382 1421 1417 adminiculis
1432 1382 1590 1418 habebant
1610 1383 1721 1420 fideles
1750 1408 1761 1424 ‚
1811 1399 1877 1435 quae
1888 1389 1926 1422 ad

1091 1426 1254 1462 Christum
1271 1429 1371 1464 adhuc
1388 1430 1547 1466 absentem
1559 1444 1614 1466 eos
1636 1433 1820 1482 dirigerent.
1847 1437 1926 1469 ldeo

1090 1487 1158 1523 non
1179 1476 1332 1522 superflua
1349 1478 1490 1514 tuncsuit
1513 1480 1634 1516 Christi
1658 1483 1769 1516 vuc‘tio
1793 1505 1802 1521 ‚
1829 1495 1926 1532 quum

1092 1528 1168 1557 mox
1185 1522 1380 1570 sepeliendus
1410 1524 1506 1561 foret.
1532 1529 1660 1574 vngitur
1671 1530 1758 1564 enim
1778 1541 1927 1578 tanquam

1091 1570 1125 1604 in
1135 1570 1331 1616 sepulchrum
1348 1574 1543 1610 condendus.
1571 1579 1606 1609 ld
1620 1577 1762 1620 nondum
1787 1577 1927 1614 sciebant

1092 1617 1251 1664 discipuli:
1263 1625 1292 1655 ἃ
1303 1621 1406 1655 Maria
1422 1623 1634 1668 proculdubio
1653 1627 1782 1671 repente
1800 1628 1929 1674 impulsa

1091 1663 1152 1700 fuit
1162 1678 1196 1701 vt
1228 1668 1344 1714 >piritu
1370 1670 1529 1705 directore
1546 1671 1578 1705 id
1596 1669 1711 1707 faceret
1737 1678 1826 1721 quod
1844 1678 1930 1722 prius

1092 1727 1160 1748 non
1170 1713 1270 1750 fuerat
1291 1717 1454 1752 meditata.
1484 1718 1606 1754 Verum
1627 1721 1773 1757 Christus
1791 1726 1829 1757 ad
1846 1726 1931 1770 spem

1091 1761 1330 1799 resurrectionis
1347 1764 1405 1800 suae
1421 1768 1644 1803 accommodat
1661 1771 1749 1817 quod
1771 1771 1816 1804 illi
1828 1782 1933 1806 tanto-

1094 1812 1412 1858 pereimprobabant‚
1422 1815 1524 1860 vtipsa
1533 1816 1651 1851 vtilitas
1660 1819 1742 1854 cosa
1755 1831 1848 1865 praua
1860 1833 1931 1854 mo-

1094 1858 1221 1893 rositate
1239 1871 1378 1895 reuocet.
1396 1862 1519 1896 Verum
1529 1874 1563 1896 vt
1579 1866 1669 1902 Deus
1686 1868 1801 1901 veteris
1821 1869 1929 1913 populi

1094 1907 1260 1952 pueritiam
1276 1907 1391 1942 talibus
1415 1909 1573 1944 exercitiis
1591 1911 1658 1957 regi
1676 1915 1789 1950 voluit,
1806 1915 1849 1947 ita
1867 1915 1938 1948 ho:

1095 1954 1147 1988 die
1156 1953 1321 1989 absurdum
1331 1955 1497 1990 effetidem
1512 1967 1651 1991 tentare:
1670 1971 1728 1993 nec
1750 1961 1814 1994 sine
1833 1962 1926 1994 Chri-

1095 2000 1354 2037 stiiniuriafieret
1378 2025 1389 2041 ‚
1413 2001 1644 2050 quisplendore
1661 2005 1861 2041 aduentussui
1881 2019 1927 2041 ta-

1097 2048 1142 2083 les
1159 2049 1286 2084 vmbras
1302 2048 1450 2085 discussit.
1467 2052 1527 2085 Sed
1547 2051 1619 2096 quia
1635 2054 1778 2088 nondum
1798 2056 1865 2088 eius
1875 2069 1924 2089 re<

1097 2094 1249 2133 surrecftio
1258 2096 1368 2144 figuris
1378 2098 1472 2143 Legis
1481 2098 1753 2143 complementum
1770 2105 1928 2139 attulerat,-

1099 2154 1229 2178 externo
1239 2144 1300 2178 ritu
1311 2146 1451 2179 ornanda
1462 2143 1519 2178 fuit
1529 2146 1595 2180 eius
1605 2145 1757 2193 sepultura
1767 2164 1776 2181 :
1795 2163 1879 2184 nunc
1891 2164 1930 2183 o-

1099 2192 1160 2226 dor
1168 2191 1404 2226 resurrectionis
1413 2194 1479 2227 eius
1488 2192 1561 2227 satis
1569 2193 1661 2240 perse
1670 2194 1814 2231 efficaciae
1824 2197 1932 2236 habet,

1101 2238 1216 2285 absque
1226 2240 1323 2274 nardo
1336 2245 1367 2275 &
1379 2239 1584 2279 aromatibus,
1595 2253 1628 2276 vt
1637 2253 1741 2278 totum
1761 2244 1873 2279 orbem
1885 2246 1935 2278 vi-

1102 2286 1222 2322 uificet.
1258 2288 1420 2322 Caeteriim
1446 2289 1687 2324 meminerimus
1707 2292 1740 2324 in
1759 2293 1934 2327 iudicandis

1103 2334 1273 2369 hominum
1291 2332 1381 2369 factis
1398 2334 1538 2369 standum
1549 2336 1609 2371 esse
1627 2339 1718 2372 vnius
1735 2339 1853 2375 Christi
1866 2341 1935 2375 sen·

1102 2382 1218 2420 tentiae,
1237 2382 1276 2416 ad
1285 2382 1374 2418 cuius
1391 2383 1529 2418 tribunal
1546 2382 1642 2420 semel
1659 2398 1718 2422 nos
1736 2388 1813 2423 stare
1835 2402 1935 2436 opor-

1104 2438 1161 2464 tet·

1141 2479 1160 2512 8
1196 2479 1347 2524 Pauperes
1354 2480 1432 2513 enim
1432 2478 1550 2528 semper
1568 2480 1716 2522 habetis.)
1742 2485 1935 2519 Tenendum

1104 2524 1149 2559 est
1163 2525 1249 2570 quod
1266 2527 1353 2570 prius
1364 2526 1527 2565 admonui,
1539 2531 1816 2566 extraordinarium
1834 2534 1938 2578 Mari}

1103 2571 1220 2606 saetam
1233 2571 1347 2608 diserte
1355 2572 1406 2608 hic
1417 2575 1434 2608 a
1443 2576 1631 2620 quotidiano
1648 2578 1766 2612 Christi
1778 2581 1862 2613 cultu
1874 2579 1937 2614 dis-

1103 2619 1201 2654 cerni.
1221 2623 1330 2666 Qare
1340 2620 1426 2667 simie
1450 2621 1519 2656 sunt
1539 2645 1550 2661 ‚
1572 2636 1639 2658 non
1660 2624 1836 2661 imitatores
1852 2649 1862 2665 ‚
1881 2627 1937 2674 qui

1105 2667 1272 2713 pompis&
1293 2666 1473 2713 sumptuoso
1489 2682 1632 2718 apparatu
1651 2672 1811 2709 Christum
1833 2676 1939 2708 colere

1105 2713 1322 2750 affeetantzacfi
1332 2715 1480 2761 probaret
1490 2718 1634 2754 Christus
1644 2722 1729 2765 quod
1745 2722 1840 2756 semel
1858 2721 1939 2757 factu

1107 2773 1218 2799 erat,ac
1231 2764 1275 2796 no
1285 2763 1392 2807 potius
1402 2763 1433 2797 in
1443 2764 1601 2810 posterum
1613 2765 1682 2800 fieri
1695 2779 1825 2804 vetaret.
1837 2770 1938 2816 Οξ-ὸιί

1108 2809 1138 2845 se
1148 2819 1242 2855 negat
1251 2821 1322 2843 cum
1331 2808 1488 2856 discipulis
1498 2811 1617 2858 semper
1627 2813 1746 2851 fore,ad
1757 2829 1855 2862 genus
1865 2830 1937 2863 μς·

1109 2857 1206 2903 sentie
1215 2854 1324 2890 referri
1333 2857 1427 2891 debet
1437 2859 1485 2892 cui
1494 2860 1623 2895 carnalis
1644 2864 1743 2898 cultus
1753 2867 1782 2898 δι,
1796 2863 1940 2910 sumptuo

1111 2905 1159 2940 sus
1177 2904 1284 2938 honor
1301 2906 1481 2939 conueniat.
1523 2908 1609 2941 Nam
1635 2910 1722 2956 quod
1747 2913 1879 2958 Spiritus
1896 2911 1940 2945 sui

1112 2952 1210 3001 gratia
1229 2951 1387 2986 &virtute
1411 2953 1506 2987 nobis
1526 2954 1609 2989 adest
1626 2979 1636 2993 ‚
1654 2958 1741 3004 quod
1765 2959 1884 2993 habitat
1908 2961 1940 2992 in

1112 2998 1306 3045 nobis,quod
1317 3011 1377 3033 nos
1395 3000 1489 3035 etiam
1507 3013 1598 3037 carne
1607 3002 1654 3037 sui«
1667 3010 1696 3040 ὃ(
1718 3004 1866 3055 sanguine
1877 3005 1941 3053 pas-

1114 3046 1249 3084 cit‚nihil
1260 3045 1322 3081 hoc
1333 3047 1369 3081 ad
1382 3059 1552 3094 corporeos
1562 3053 1781 3096 cultus.Qiare
1793 3054 1941 3102 quicquid

1114 3106 1300 3141 pomparum
1311 3096 1529 3141 exc‹·=gitarunt
1539 3098 1658 3147 Papiste
1669 3103 1705 3136 ad
1725 3102 1886 3137 Christum
1901 3114 1940 3135 co

1114 3139 1366 3179 lendum‚frustra
1377 3143 1422 3176 illi
1432 3143 1605 3190 impensum
1617 3145 1828 3196 serunt‚quum
1840 3148 1941 3194 palam

1114 3188 1267 3235 repudiet.
1287 3191 1385 3236 Qod
1396 3202 1544 3237 pauperes
1552 3194 1629 3229 dicit
1645 3195 1765 3243 semper
1776 3195 1942 3230 nobiscum

1114 3235 1247 3273 futuros,
1256 3237 1375 3272 tametsi
1385 3238 1417 3272 in
1428 3251 1468 3273 eo
1486 3242 1658 3287 lude-orum
1677 3243 1854 3289 hypocrisin
1870 3255 1942 3288 per-

1115 3283 1249 3330 stringit,
1259 3285 1410 3332 colligere
1425 3296 1530 3322 tamen
1542 3289 1614 3324 inde
1624 3290 1700 3326 vtile
1709 3291 1852 3324 doetrina
1860 3292 1943 3325 licet:

1115 3343 1248 3378 nempe,
1260 3332 1408 3369 sacrificia
1421 3347 1481 3382 que
1500 3337 1576 3370 Deo
1585 3347 1668 3383 grata
1686 3336 1752 3370 sunt
1764 3342 1794 3372 δε
1812 3337 1943 3372 suauiter

1116 3380 1206 3413 olent
1221 3379 1280 3415 effe
1297 3382 1509 3429 eleemosynas
1519 3383 1632 3430 quibus
1645 3384 1752 3429 iuopia
1775 3397 1945 3432 pauperum

1117 3427 1258 3469 iuuatur,
1268 3438 1327 3465 nete
1341 3429 1403 3465 rite
1420 3432 1499 3466 alios
1514 3431 1583 3468 fieri
1600 3430 1739 3478 sumptus
1757 3434 1790 3469 in
1806 3436 1944 3470 colendo

1115 3476 1209 3524 Deo.⁴

1940 1327 2022 1352 l.Cor.
2047 1331 2083 1359 15,

1940 1373 1983 1391 20.
