2310 3841
810 182 1060 230 eApvr
1121 186 1166 229 x
1814 205 1862 256 g

136 255 296 290 exaudierit
306 275 314 290 ,
326 255 357 286 δι
368 261 460 296 gratas
468 249 604 283 habuerit
612 251 675 285 eius
684 252 890 294 eleemosynas.
916 258 959 287 Vn
966 257 998 288 de
1009 257 1176 300 colligimus
1186 278 1195 292 ,
1205 264 1326 298 uirtutes
1337 261 1366 298 8:
1379 256 1530 298 beneficia
1542 276 1602 298 non
1612 260 1725 300 tannim
1743 263 1855 311 pist-ete

135 305 203 333 Deo
214 323 221 335 ,
231 299 278 330 sed
291 301 385 330 ornati
397 299 483 330 etiam
493 295 642 335 splendida
651 298 704 329 hac
715 299 850 330 mercede
859 321 868 335 ,
879 300 960 342 quod
975 303 1003 331 in
1022 311 1124 333 eorum
1143 303 1258 344 gratiam
1276 312 1404 342 cumulat
1423 321 1475 342 „05
1494 311 1685 353 „mphmjbus
1707 313 1791 344 donis
1822 320 1853 349 ὅ(

134 345 294 386 locupletat
305 356 310 374 :
323 344 400 375 iuxta
411 341 480 373 illud
489 360 498 375 ‚
510 340 637 372 Hibenri
647 342 773 374 dabitur.
796 347 871 375 Item
885 363 892 376 2
903 346 981 386 Euge
989 345 1068 377 sei-ue
1079 346 1159 377 bon'e
1169 348 1199 377 δέ
1213 346 1314 384 fidelis:
1327 353 1419 386 fidelis
1428 354 1504 387 fuisti
1517 357 1545 386 in
1556 357 1653 397 paucis
1662 370 1671 389 ‚-
1681 356 1760 398 super
1775 338 1849 389 nsul.
1866 353 1936 383 Mar..
1948 350 1972 383 iu

133 400 162 422 ta
172 400 202 420 te
213 387 395 419 constituam.
417 387 464 416 Sic
473 386 550 416 enim
562 386 701 416 continua
711 387 856 418 donorum
866 386 980 420 suorum
990 389 1059 421 serie
1068 390 1287 422 Dominussuos
1297 398 1367 433 quast
1378 401 1465 431 cel-(j,
1475 400 1612 443 gudffiffl,
1621 401 1720 432 euehit
1749 401 1844 434 donec
1860 391 1892 440 ὲῑ-
1902 390 1926 430 ,δὲ
1938 398 1968 418 ²5·

132 433 168 465 ad
177 433 318 464 summum
332 430 481 474 perducat.
507 429 563 460 Sed
573 429 689 469 Papistae
703 431 834 462 bifariam
845 431 980 464 hocloco
991 435 1159 466 abutuntur.
1183 445 1248 465 nam
1259 437 1325 476 quia
1335 448 1432 475 preces
1448 447 1478 476 &
1496 444 1695 484 eleemosynas
1711 423 1843 488 (ΞΟΠ,8ιῇ
1875 426 1915 445 a..

130 480 213 509 Deus
223 477 344 518 respexit
355 495 364 510 ,
373 485 404 505 vt
415 485 480 505 eum
492 473 642 515 Euangelij
651 473 708 505 fide
719 476 884 511 donaret,id
894 476 929 507 ad
940 479 1160 519 praeparationes
1169 478 1184 509 ὶ
1196 476 1222 510 se
1232 479 1370 511 confictis
1382 486 1552 530 detorquent
1561 489 1636 530 quasi
1646 487 1691 520 sua
1708 489 1845 522 industria

132 524 280 554 &virtute
292 522 383 551 hoino
394 517 635 560 acquiratfidem‚
649 521 679 550 δί
695 519 752 549 Dei
771 521 891 561 gratiam
908 532 1030 563 operum
1049 523 1160 554 meritis
1177 528 1351 555 anteuertar.
1374 525 1476 563 deinde
1496 533 1669 574 generaliter
1689 534 1847 576 colligunt,

131 568 211 598 bona
221 576 310 608 opera
321 565 355 596 sic
366 562 421 595 effe
434 562 597 596 meritoria,
611 574 641 594 vr
653 562 771 604 singulis
781 570 940 605 augeantur
948 567 1004 597 Dei
1015 578 1110 610 gratiae
1120 577 1206 608 prout
1227 570 1323 599 meriti
1342 567 1414 599 sunt.
1436 572 1468 601 In
1483 578 1578 613 priore
1594 577 1681 608 nimi,
1695 580 1846 619 'mentite‘

129 611 270 642 falluntur
280 632 288 646 ‚
301 611 369 642 dum
383 608 495 654 lingunt
505 617 621 647 accepia
631 605 710 638 fuisse
719 610 785 638 Deo
797 610 927 654 Cornelij
937 621 1026 651 opera
1037 633 1045 646 ‚
1056 621 1209 654 antequam
1219 611 1277 643 fide
1287 613 1467 644 illuminatus
1485 619 1558 651 esser,
1580 625 1641 653 Nec
1659 622 1730 653 vest,
1746 623 1782 654 ad
1802 633 1848 653 te.

130 655 288 687 fellendam
301 664 402 684 eorum
414 653 553 683 inlcitiam
564 651 651 693 longe
664 652 790 693 petenda
800 653 838 684 est
847 655 985 694 probatio
995 667 1001 685 :
1011 656 1083 687 nihil
1094 657 1171 687 enim
1183 656 1320 696 precibus
1329 656 1464 699 consequi
1475 665 1565 699 potnit
1576 685 1585 698 ‚
1596 667 1666 707 quin
1687 667 1758 697 fides
1776 678 1845 708 Ρη.

130 701 336 740 εεάετεε,φιαε
348 698 402 728 sola
415 696 500 726 nobis
510 695 544 725 ad
555 696 697 726 orandum
710 696 822 728 ianuam
831 699 930 739 aperit.
951 698 1076 740 atqueid
1096 696 1254 742 prudenter
1272 700 1408 741 expendit
1424 702 1613 741 Augustinus,
1626 712 1674 750 qui
1692 711 1845 753 Pelagium

129 744 267 775 deridens
278 765 285 777 ,
297 743 376 784 qnod
389 742 496 772 diceret
508 739 594 770 sidem
614 741 751 780 precibus
767 742 913 782 impetrari
925 752 1097 784 ,antequam
1117 745 1146 774 in
1164 745 1285 775 homine
1301 745 1357 776 vlla
1374 743 1460 776 esset:
1473 737 1550 786 Quis
1567 754 1707 786 medicum
1726 763 1844 797 (μεως,

128 789 225 829 inquit
237 810 244 822 ,
257 787 304 817 nisi
316 788 364 828 qui
375 788 429 817 iam
442 795 473 815 ex
484 794 563 824 parte
575 783 684 815 sanatus
695 786 747 815 erit
757 784 834 826 ÷1psa
847 795 942 816 autem
952 787 990 817 est
1001 787 1068 819 fidei
1078 788 1179 819 sanitas
1188 809 1196 822 ‚
1209 799 1270 829 qux
1279 799 1333 819 nos
1343 788 1452 829 pulsare
1471 790 1568 822 docet.
1591 793 1723 830 Praeterea
1753 802 1842 831 timor

129 833 202 866 Dei,
216 835 247 863 Se
259 833 350 874 pietas
362 854 370 866 ,
381 830 454 861 clait‘:
464 827 661 859 demonstrant
672 850 680 864 ‚
693 829 800 869 Spiritu
809 827 891 859 fiiilse
900 831 1076 872 regenitum.
1099 842 1164 862 nam
1173 833 1308 863 Ezechiel
1320 832 1395 863 hanc
1412 833 1527 865 laudem
1548 835 1598 866 soll
1617 838 1683 866 Deo
1701 821 1830 874 vessdjc„
1857 839 1953 870 fineen.

128 887 158 908 vt
170 875 278 908 formet
287 877 375 907 corda
384 874 536 905 hominurn
545 871 579 905 ad
590 871 627 901 sui
639 873 777 904 timorem
789 894 798 908 ,
808 875 838 904 δε
848 872 939 904 Esaias
948 895 957 909 ,
967 875 1104 915 Spiritum
1115 876 1230 906 timoris
1240 877 1361 906 Domini
1373 878 1400 907 in
1412 878 1529 909 Christo
1541 879 1611 910 dicit
1623 866 1842 922 requiescerewt,
1855 880 1918 923 Εἶθ’

127 920 249 952 sci-amus
259 922 394 962 nusquam
405 914 483 959 posse
495 917 618 947 inueniri
630 938 638 951 ,
649 915 701 948 nili
712 917 741 956 ira
748 916 812 948 eius
822 918 971 949 membris.
994 919 1145 960 plusquam
1154 919 1242 960 igitur
1254 920 1370 950 stultum
1383 921 1422 951 est
1434 943 1441 955 ‚
1452 919 1500 951 hic
1521 923 1672 956 hominem
1692 925 1799 959 finoeze
1809 933 1838 963 in
1855 908 1868 928 h
1880 909 1929 931 Νι
1942 913 1983 931 ⁸¹⁷³

129 965 262 1010 Cornelij
273 962 466 1006 persona,qui
477 969 577 998 natura
588 961 663 991 duce
673 959 710 991 ad
719 957 815 999 &itam
831 972 964 992 aeternam
983 962 1104 1004 aspiret,
1115 962 1163 993 vel
1183 963 1300 994 nitatur.
1323 964 1395 994 Ideo
1413 963 1517 995 insulse
1537 952 1765 1003 τατιοςῇηῃηωῗ,
1777 973 1836 1003 ΝΟ,

127 1020 252 1051 operum
261 1007 370 1039 meritis
380 1003 458 1047 poss‘:
468 1007 523 1035 Dei
534 1005 656 1047 gratiam
665 1005 831 1045 ptaeuenire.
855 1005 948 1045 Qod
964 1006 999 1037 ad
1017 1005 1172 1038 secundum
1192 1018 1320 1039 errorem
1336 1006 1442 1049 speditt
1454 1030 1462 1043 ‚
1482 1009 1550 1040 dum
1571 1011 1684 1053 fingunt
1701 1019 1840 1057 querique

127 1051 257 1085 nostrdm
267 1061 354 1094 prout
365 1050 484 1082 metitus
494 1049 533 1080 cst
543 1072 552 1085 ,
562 1050 658 1091 augeri
669 1048 828 1080 maioribus
836 1050 935 1093 gratiis
945 1072 954 1087 ‚
964 1061 1022 1081 non
1035 1060 1141 1094 magno
1154 1053 1276 1094 negotio
1293 1050 1385 1083 reselli
1404 1052 1506 1093 potest.
1541 1055 1669 1087 Primilm
1681 1079 1690 1092 ‚
1701 1069 1842 1100 negamus

128 1099 283 1140 quicquam
294 1098 441 1127 bonorum
451 1104 574 1135 operum
586 1095 674 1125 nobis
682 1093 832 1134 suppetere
843 1094 944 1136 ,quod
955 1106 1014 1125 non
1034 1097 1115 1127 Deus
1133 1095 1262 1138 gratuiti)
1282 1096 1309 1126 in
1331 1107 1384 1127 nos
1402 1098 1571 1130 contulerit.
1594 1101 1718 1136 deinde,
1731 1103 1842 1134 :etrum

127 1143 274 1173 donorum
283 1141 339 1172 Dei
350 1138 427 1171 vsum
438 1138 474 1168 ab
485 1137 544 1179 ipso
553 1148 672 1180 quoque
681 1139 736 1169 effe
746 1138 868 1170 dicimus
877 1158 885 1172 2
896 1149 984 1181 atque
994 1140 1068 1171 hanc
1086 1139 1238 1171 secundam
1251 1137 1306 1171 effe
1320 1142 1381 1171 eius
1397 1143 1519 1184 gratiam
1531 1165 1539 1177 ‚
1550 1144 1630 1184 quod
1640 1145 1717 1177 redte
1735 1149 1843 1178 vzimur

127 1187 275 1228 prioribus
283 1187 343 1217 eius
353 1184 448 1213 donis.
469 1182 576 1218 tertio,
587 1193 727 1225 negamus
743 1183 898 1224 quicquam
916 1194 970 1215 nos
984 1185 1125 1225 operibus
1140 1186 1244 1216 mereri
1255 1207 1264 1220 ,
1276 1196 1339 1227 quae
1353 1185 1465 1227 semper
1485 1189 1587 1219 mutila
1605 1188 1667 1221 sunt
1684 1193 1714 1222 &
1731 1191 1844 1222 vitiosa.

128 1229 299 1261 conciliant
311 1228 428 1271 quidem
440 1228 527 1257 nobis
535 1227 709 1264 bona'opera
718 1227 812 1269 gratim
821 1227 1072 1270 augmentum‚sed
1084 1239 1143 1260 non
1156 1228 1204 1259 suo
1215 1240 1458 1270 merito:accepta
1467 1232 1545 1262 enim
1557 1235 1624 1264 Deo
1635 1233 1691 1265 esse
1703 1240 1843 1277 nequent,-

127 1275 179 1307 nili
191 1285 256 1305 cum
271 1274 371 1306 venia,
382 1282 466 1314 quain
477 1270 543 1302 fidei
553 1270 876 1312 beneficioimpetrant.
901 1283 989 1315 quare
1002 1295 1011 1308 ‚
1022 1272 1078 1304 sola
1087 1271 1207 1304 estfides
1225 1284 1286 1314 qnae
1303 1275 1426 1314 pretium
1444 1275 1500 1305 illis
1519 1276 1629 1309 statuit.
1664 1277 1730 1309 Hoc
1749 1279 1840 1310 modo

125 1318 264 1360 precibus
277 1317 347 1351 suis,
358 1320 388 1348 δε
400 1313 588 1356 eleemosynis
597 1317 727 1347 obtinuit
735 1316 892 1348 Cornelius
900 1317 1062 1358 pleniorem
1078 1317 1188 1348 Christi
1205 1319 1340 1349 notitiam
1352 1317 1413 1349 :sed
1433 1319 1513 1360 quod
1531 1323 1627 1352 Deum
1645 1322 1838 1364 eleemosynis

124 1362 222 1394 suisac
234 1363 372 1404 precibus
382 1359 526 1392 fauentem
541 1362 570 1390 δε
581 1361 738 1401 propitium
748 1359 850 1392 habuit
860 1382 869 1396 ‚
879 1361 972 1393 idiam
981 1371 1016 1392 ex
1025 1360 1082 1393 fide
1090 1362 1248 1402 pendebat.
1281 1364 1374 1394 Port'o
1385 1385 1392 1398 ‚
1403 1362 1421 1393 si
1434 1363 1490 1393 fide
1501 1364 1665 1405 estimantur
1676 1372 1763 1408 opera
1772 1387 1781 1401 ‚
1792 1369 1836 1398 in-

125 1407 280 1448 dulgentiae
290 1406 329 1436 est
338 1428 347 1441 ,
357 1416 416 1436 non
427 1405 523 1435 meriti
533 1425 541 1438 ‚
551 1405 630 1445 qubd
642 1407 706 1435 Deo
717 1405 878 1444 probantur
886 1428 895 1441 ‚
904 1417 970 1438 nam
980 1407 1047 1447 quia
1059 1405 1131 1438 nihil
1142 1407 1171 1436 in
1180 1407 1267 1437 nobis
1276 1406 1398 1450 dignum
1409 1408 1520 1439 inuenit
1532 1408 1603 1440 sides
1615 1433 1621 1444 ,
1631 1421 1681 1441 cur
1699 1414 1766 1442 Deo
1777 1413 1837 1452 pla-

125 1461 242 1482 ceamus
252 1473 261 1486 ‚
270 1451 285 1482 :l
295 1450 411 1481 Christo
422 1458 568 1479 mutuatur
576 1449 657 1491 quod
667 1449 754 1480 nobis
763 1449 851 1481 deest.
883 1451 927 1481 Est
936 1459 1033 1483 autem
1044 1449 1103 1481 hoc
1111 1449 1257 1492 plusquam
1269 1451 1433 1492 peruersum
1443 1473 1453 1487 ,
1462 1453 1542 1493 quod
1553 1463 1641 1495 quum
1657 1466 1765 1486 nomen
1775 1458 1838 1487 Me-

125 1497 173 1527 riti
186 1495 305 1526 subinde
316 1495 344 1524 in
356 1505 405 1524 ore
415 1493 667 1534 habeantPapistae
678 1515 686 1527 .
702 1493 819 1525 &inani
830 1493 934 1528 fiducia
950 1493 1051 1525 stultos
1067 1493 1166 1526 inflare
1183 1505 1243 1526 non
1261 1494 1391 1528 desinant
1403 1497 1494 1531 ,nihil
1511 1507 1608 1528 tamen
1625 1497 1746 1531 afferunt
1757 1509 1835 1542 ,quo

123 1540 284 1570 incitentur
295 1540 448 1569 hominum
464 1536 552 1567 studia
562 1537 597 1567 ad
608 1536 848 1575 reCiEagendum.
881 1538 991 1578 semper
1006 1538 1085 1569 enim
1102 1539 1131 1568 in
1149 1537 1280 1579 *suspenso
1299 1540 1467 1581 relinquunt
1482 1541 1836 1583 conscientiaszplaceant

124 1583 217 1614 necne
225 1586 292 1614 Deo
301 1592 389 1622 opera
398 1600 407 1614 ‚
418 1581 551 1611 dubitare
561 1580 671 1611 iubent.
695 1581 753 1610 Vbi
763 1581 828 1612 talis
838 1583 952 1613 animos
960 1581 1116 1621 trepidatio
1124 1592 1250 1623 occupat
1260 1604 1269 1618 ‚
1281 1593 1376 1614 annon
1389 1583 1500 1615 desides
1511 1586 1673 1628 &ignauos
1683 1588 1834 1620 flaccesce-

121 1639 154 1660 xe
165 1624 276 1658 necesse
284 1625 342 1656 est?
353 1628 413 1655 Nos
423 1623 493 1655 verb
505 1645 513 1659 ,
523 1622 572 1654 etsi
585 1625 718 1655 meritum
729 1626 868 1663 operibus
876 1625 1056 1658 detrahimus
1065 1646 1076 1659 ,
1084 1635 1182 1655 tamen
1194 1627 1243 1656 vbi
1254 1627 1396 1657 docemus
1408 1628 1559 1667 repositam
1579 1629 1634 1660 effe
1653 1632 1710 1661 illis
1727 1643 1838 1663 merce-

121 1672 192 1706 dem
201 1670 334 1711 ‚optimo
346 1672 377 1701 &
388 1668 529 1699 acerrimo
537 1667 654 1699 stimulo
663 1669 817 1701 incitamus
826 1670 861 1701 ad
872 1670 949 1702 reste
958 1668 1076 1700 viuendi
1085 1668 1209 1700 studium
1220 1670 1364 1701 homines.
1386 1680 1457 1702 tunc
1475 1673 1552 1702 enim
1571 1674 1690 1705 demum
1708 1675 1837 1706 alacriter

123 1714 349 1748 adfer-nendum
361 1716 428 1743 Deo
438 1722 494 1743 nos
505 1713 683 1753 accingimus
693 1724 799 1754 ‚quum
809 1713 927 1754 persuasi
937 1712 1034 1745 sumus
1045 1723 1164 1753 operam
1175 1724 1230 1745 nos
1239 1714 1359 1746 minime
1368 1714 1478 1746 ludere.
1515 1716 1608 1752 Qubd
1617 1727 1713 1749 autem
1726 1729 1784 1749 non
1806 1730 1840 1751 v-

125 1759 225 1790 beriot
235 1758 325 1789 hodie
334 1756 509 1797 conspicitur
519 1756 664 1788 donorum
674 1758 798 1797 Spiritus
807 1758 951 1790 affluentia
960 1779 969 1792 ‚
983 1757 1053 1798 quin
1062 1757 1163 1798 potius
1173 1759 1266 1788 maior
1275 1768 1339 1799 pars
1349 1758 1463 1793 arescit,
1475 1760 1574 1791 nostrae
1583 1762 1784 1804 ingratitudini
1793 1774 1840 1794 ac-

124 1813 246 1844 ceptum
255 1799 332 1832 ferre
342 1801 490 1831 conuenit.
518 1802 593 1830 Nam
602 1798 682 1830 ficuti
693 1799 826 1840 Cornelij
835 1809 935 1841 preces
945 1822 955 1835 ,
962 1799 1160 1840 eleemosynas
1169 1804 1200 1832 δε
1212 1801 1390 1833 sanctitatem
1399 1803 1522 1843 pretiosa
1528 1806 1679 1852 Euangelij
1698 1805 1737 1838 sui
1754 1819 1839 1849 gem.

126 1859 175 1878 ma
183 1844 336 1877 cotonauit
346 1846 427 1875 Deus
438 1855 445 1873 ε
465 1844 504 1873 ita
515 1864 524 1878 ‚
542 1853 596 1874 nos
605 1852 694 1884 quum
712 1843 862 1886 Euangelij
872 1843 912 1874 sui
921 1843 1054 1875 thesauro
1062 1843 1151 1884 impie
1159 1854 1192 1874 ac
1200 1845 1336 1885 nequiter
1343 1845 1425 1876 abuti
1441 1846 1540 1881 videt,
1548 1847 1615 1878 iusta
1624 1849 1703 1880 causa
1720 1851 1762 1881 est
1770 1872 1780 1886 ,
1790 1857 1840 1882 cut

123 1891 161 1924 ad
168 1891 295 1922 ieiunam
305 1888 433 1928 inopiam
443 1885 576 1917 redactos
585 1885 700 1917 tandem
709 1885 784 1927 farne
793 1888 900 1919 confici
942 1885 1073 1919 :meotest
1080 1894 1178 1917 tamen
1187 1885 1236 1918 hic
1245 1888 1329 1929 quaeri
1339 1907 1349 1922 ‚
1359 1888 1537 1929 Requiratne
1546 1890 1618 1921 fides
1635 1893 1742 1924 Christi
1761 1895 1840 1924 noti.

124 1937 196 1968 tiam
207 1957 217 1970 ‚
225 1944 260 1965 an
271 1931 392 1972 simplici
403 1930 600 1966 misericordiae
607 1930 664 1960 Dei
673 1930 852 1972 persuasione
862 1931 933 1963 corit'
952 1928 1002 1963 'fita
1012 1930 1044 1962 sit
1052 1933 1061 1961 ἒ
1070 1930 1187 1962 videtur
1197 1932 1276 1963 enim
1287 1932 1445 1963 Cornelius
1454 1932 1490 1963 de
1501 1933 1618 1965 Christo
1635 1937 1709 1967 nihil
1725 1937 1839 1978 prorsus

124 1976 257 2012 tenuisse.
288 1974 397 2008 verum
407 1974 502 2006 solidis
510 1974 735 2016 probationibus
744 1975 861 2018 probari
873 1975 968 2018 potest
975 1999 985 2013 ,
995 1975 1081 2006 fidem
1092 1985 1153 2007 non
1162 1974 1242 2017 posse
1251 1975 1266 2007 ὲ
1275 1976 1393 2007 Christo
1404 1975 1532 2017 separari.
1567 1987 1632 2009 nam
1643 1978 1663 2009 fi
1672 1982 1835 2021 apprehen·

124 2024 202 2055 ditur
213 2021 289 2053 nuda
298 2020 357 2051 Dei
368 2018 622 2059 maiestas,potius
631 2019 785 2051 obruimur
795 2016 1071 2063 emgloria,quam
1087 2019 1178 2050 v‘llum
1197 2021 1340 2052 bonitatis
1359 2021 1471 2063 gustum
1489 2021 1652 2054 sentiamus:
1689 2025 1837 2057 Christum

124 2079 195 2109 ergo
205 2064 410 2098 intermedium
421 2061 476 2094 effe
484 2071 603 2104 oportet
611 2072 653 2097 ‚vt
663 2065 760 2094 Deum
769 2063 929 2105 propitium
939 2064 1088 2103 concipiat
1095 2073 1178 2094 mens
1187 2064 1327 2095 hominis.
1360 2074 1414 2094 nec
1422 2064 1493 2095 verb
1502 2064 1600 2096 frustra
1610 2068 1709 2109 imago
1725 2071 1782 2100 Dei
1794 2070 1838 2100 in·
1852 2083 1920 2107 cohi.
1931 2083 1945 2107 b
1956 2092 1983 2114 ¹5·

125 2111 248 2143 uifibilis
259 2108 472 2150 vocatuttquia
483 2117 542 2136 non
553 2105 603 2138 nisi
615 2106 644 2136 in
654 2109 716 2138 eius
723 2106 798 2139 facie
809 2106 1083 2151 Paterspeetandum
1093 2105 1121 2138 se
1129 2108 1258 2143 exhibet.
1281 2108 1376 2139 adhaec
1387 2128 1397 2142 ,
1408 2118 1496 2149 quum
1508 2111 1554 2140 via
1566 2110 1598 2140 stt
1614 2133 1622 2146 ,
1632 2115 1737 2142 veritas
1747 2115 1778 2144 ὃς
1795 2107 1839 2144 vi·
1851 2119 1914 2139 ¹0³n-
1933 2126 1964 2145 ¹4·

125 2166 154 2188 ta
163 2178 172 2191 ,
181 2163 359 2197 quocunque
369 2162 445 2183 extra
457 2150 545 2191 ipsum
554 2150 857 2195 concedas,vndique
867 2162 998 2184 errorum
1009 2153 1041 2182 δι
1050 2150 1260 2192 deceptionum
1272 2152 1426 2184 tendicula:
1443 2163 1472 2183 te
1490 2154 1646 2186 inuoluent
1655 2177 1664 2191 ,
1673 2158 1705 2188 δέ
1729 2158 1838 2199 vbique
1853 2153 1896 2172 ²⁵*

124 2210 205 2232 mors
213 2207 356 2230 occurret.
388 2199 434 2228 De
443 2194 585 2226 Cornelio
594 2192 677 2226 facile
688 2197 950 2238 nodusexpeditur.
974 2195 1046 2226 nihil
1055 2193 1243 2236 spiritualium
1254 2197 1400 2228 donorum
1411 2197 1497 2227 nobis
1508 2195 1627 2230 offertur
1637 2200 1697 2234 ,nifi
1712 2202 1739 2230 in
1751 2202 1840 2232 Chri-

124 2244 178 2276 sto.
199 2243 254 2285 ipsa
263 2241 411 2284 presertim
422 2239 606 2280 regeneratio
616 2239 694 2271 vnde
701 2242 839 2281 prouenit
850 2263 859 2276 ,
873 2238 924 2273 nist
935 2241 1002 2283 quia
1011 2239 1080 2270 dum
1091 2238 1240 2272 inserimur
1249 2240 1280 2271 in
1296 2240 1403 2272 Christi
1415 2250 1538 2271 mortem
1551 2263 1560 2277 ,
1570 2238 1747 2286 crucifigitur
1756 2253 1841 2276 vetus

125 2288 219 2319 homo
229 2287 341 2319 noster?
356 2284 437 2325 quod
447 2282 464 2313 fi
476 2282 621 2324 particeps
638 2282 752 2324 spiritus
775 2284 882 2317 Christi
893 2284 947 2317 fuit
956 2283 1114 2315 Cornelius
1123 2304 1132 2318 ,
1143 2294 1203 2315 non
1212 2284 1251 2315 est
1259 2284 1340 2326 qubd
1350 2295 1484 2326 putemus
1494 2287 1607 2326 prorsus
1617 2288 1679 2318 eius
1688 2288 1744 2319 fide
1755 2288 1838 2320 fuiffe

123 2342 260 2364 vacuum.
294 2333 357 2360 Nec
369 2328 439 2359 verb
449 2326 559 2358 mltum
569 2327 629 2358 veri
640 2329 695 2358 Dei
706 2339 810 2370 ‚quem
823 2331 872 2360 ioli
883 2330 968 2360 ludaei
984 2327 1165 2367 adorabant,
1176 2325 1215 2358 fic
1233 2328 1383 2370 amplexus
1403 2339 1461 2360 etat
1473 2348 1481 2363 ,
1492 2330 1561 2370 quin
1579 2331 1690 2372 aliquid
1708 2332 1789 2363 iimul
1805 2334 1841 2365 de

125 2375 288 2407 Mediatote
297 2371 438 2415 promisso
452 2369 572 2401 audisset
583 2382 588 2400 :
599 2370 719 2403 obscura
730 2373 799 2404 licet
819 2371 909 2404 fuerit
923 2376 955 2404 δε
971 2371 1112 2413 implicita
1129 2372 1192 2413 ejus
1209 2374 1345 2413 cognitio
1357 2372 1470 2414 ‚aliqua
1490 2381 1586 2404 tamen
1606 2373 1670 2406 fuit.
1704 2376 1842 2418 Qisquis

123 2431 195 2452 tunc
205 2421 234 2450 in
245 2419 366 2450 iudaeam
376 2413 528 2447 accesserat
538 2436 546 2449 ‚
557 2414 592 2444 de
605 2415 703 2446 Meffia
716 2416 824 2457 aliquid
836 2417 936 2448 audire
946 2416 1107 2458 cogebatur
1116 2406 1196 2453 ,iffi
1208 2437 1216 2450 ,
1226 2426 1278 2456 per
1296 2417 1433 2457 regiones
1450 2417 1540 2459 longe
1558 2417 1664 2450 dissitas
1683 2419 1767 2461 sparsa
1784 2432 1844 2454 erat

121 2463 266 2497 nonnulla
273 2463 335 2493 eius
345 2459 430 2491 fama.
461 2458 589 2489 Proinde
599 2459 640 2493 ,in
651 2469 782 2503 veterum
794 2460 1049 2501 Patrumcatalogo
1060 2458 1110 2500 qui
1119 2456 1236 2490 salutem
1248 2462 1263 2490 a
1271 2462 1473 2502 Redemptote
1484 2463 1618 2492 nondum
1629 2462 1774 2502 patefadto
1783 2464 1844 2504 spe-

123 2517 222 2540 rarunt
230 2527 239 2542 ,
250 2504 405 2547 ponendus
415 2504 453 2535 est
463 2502 627 2546 Cornelius
657 2504 692 2533 Et
700 2504 899 2546 improprieab
909 2504 1072 2545 Augustino
1083 2502 1194 2533 dietum
1205 2503 1244 2534 est
1255 2525 1263 2538 ,
1273 2505 1430 2536 Fundatam
1442 2506 1503 2536 eius
1523 2505 1610 2536 fidem
1620 2507 1635 2537 a
1643 2510 1732 2538 Petro
1750 2506 1841 2539 fuisse:

122 2563 214 2594 quum
224 2555 281 2583 iam
291 2550 370 2591 prius
379 2548 492 2579 firmum
503 2545 724 2578 Fundamentum
735 2549 870 2580 habuerit
883 2547 1103 2590 :quanquamin
1114 2557 1144 2577 te
1155 2546 1210 2587 ipsa
1222 2545 1375 2578 nobiscum
1385 2549 1545 2589 Augustinu
1553 2548 1656 2581 §sentit
1668 2572 1676 2585 ,
1688 2552 1736 2591 qui
1757 2551 1842 2582 diser-

123 2597 154 2629 te
162 2592 298 2630 affirmat,
310 2604 368 2624 non
385 2589 508 2634 potuisse
517 2601 598 2622 orare
608 2592 782 2624 Cornelium
791 2613 802 2630 ,
812 2592 864 2625 nisi
871 2592 967 2625 fidelis
978 2590 1047 2623 effer
1057 2603 1063 2622 =
1074 2590 1153 2623 libro
1163 2591 1198 2622 de
1209 2590 1463 2622 Praedestinatione
1483 2591 1643 2625 sanctorum
1653 2612 1662 2626 ,
1673 2596 1704 2625 δε
1720 2594 1782 2625 aliis
1798 2596 1842 2626 lo-

127 2652 170 2672 cis
179 2664 186 2672 .

157 2695 171 2720 5
202 2687 231 2715 N
242 2695 261 2713 v
272 2695 291 2713 n
304 2693 322 2713 c
349 2691 390 2711 MI
402 2691 419 2710 τ
431 2691 448 2710 τ
462 2689 477 2710 a
510 2689 521 2708 t
535 2691 553 2709 0
567 2691 582 2710 r»
595 2691 609 2710 ρ
621 2691 636 2710 a
652 2691 670 2710 u
683 2679 711 2719 .)
733 2681 869 2712 MiraDei
881 2678 1063 2723 indulgentia
1076 2700 1085 2714 ‚
1098 2673 1179 2719 qubd
1189 2673 1364 2708 Cornelium
1377 2678 1529 2712 noniubet
1541 2680 1680 2722 proficisci
1691 2702 1699 2715 ‚
1710 2681 1756 2713 sed
1766 2690 1841 2712 nun·

124 2728 188 2759 cios
196 2728 231 2758 ad
238 2729 358 2770 pem-,m
373 2724 487 2753 mittere
496 2743 505 2758 ,
515 2733 545 2753 vr
555 2724 634 2754 domi
644 2725 759 2765 quietus
768 2726 901 2766 expectet
914 2747 924 2761 ,
933 2728 1036 2757 Petrus
1047 2731 1143 2754 autem
1156 2721 1218 2752 eius
1225 2720 1305 2752 causa
1316 2720 1443 2763 suscipiat
1454 2724 1569 2755 itineris
1589 2725 1760 2756 molestiam.
1782 2724 1839 2756 Sed

125 2781 164 2802 ne
175 2772 312 2801 miremur
320 2779 380 2798 tam
391 2767 555 2796 humaniter
564 2777 630 2797 cum
641 2768 788 2805 Cornelio
797 2769 892 2800 aequm
900 2768 955 2801 effe
964 2791 973 2805 ,
982 2778 1072 2810 quum
1081 2765 1227 2796 Dominus
1234 2766 1369 2806 quotidie
1380 2766 1461 2798 verbi
1472 2766 1514 2799 sui
1526 2769 1670 2799 ministros
1687 2766 1749 2801 fere
1764 2770 1839 2800 inui-

124 2817 164 2848 fis
173 2814 329 2846 obtrudat:
340 2812 379 2842 ita
391 2809 467 2841 vltrb
477 2819 594 2850 apparet
603 2821 663 2842 non
677 2812 889 2853 quaerentibus,
899 2812 982 2845 ficuti
991 2823 1041 2854 per
1049 2811 1147 2842 lsaiam
1159 2819 1384 2840 commemorat.
1417 2811 1474 2842 Sed
1482 2822 1531 2841 cur
1539 2822 1598 2843 non
1618 2811 1715 2852 potitis
1731 2813 1834 2845 docto-

126 2860 166 2892 xis
174 2868 268 2901 partes
278 2854 380 2897 implet
391 2854 531 2895 Angelus?
543 2865 601 2884 non
612 2857 727 2889 videtur
736 2868 837 2899 parum
849 2858 954 2889 rationi
963 2855 1187 2888 consentaneum
1197 2869 1206 2885 2
1218 2851 1299 2894 qubd
1310 2852 1421 2883 homini
1433 2856 1547 2885 mortali
1559 2855 1750 2893 munussuum
1769 2857 1834 2888 resi·

126 2913 210 2946 gnat:
223 2904 313 2933 maior
323 2899 401 2930 enim
414 2897 555 2928 miraculo
563 2896 658 2930 fuisset
667 2900 827 2933 authoritas
837 2922 845 2936 ,
855 2900 942 2943 quarn
951 2909 1041 2943 quum
1052 2898 1091 2929 illi
1101 2897 1288 2938 Euangelium
1300 2896 1429 2926 hominis
1438 2908 1489 2928 ore
1498 2898 1699 2940 praedicatur-'2²
1707 2904 1832 2943 Nempe,
1847 2908 1971 2934 Astapa:

127 2949 209 2980 sicuti
225 2945 355 2977 Christus
365 2942 456 2974 Paulo
467 2942 493 2973 se
503 2953 554 2983 per
566 2942 706 2978 visionem
715 2943 886 2979 ostendens,
897 2946 960 2976 eius
975 2951 1069 2976 tamen
1085 2940 1210 2971 docendi
1227 2950 1322 2981 partes
1341 2941 1458 2972 Ananiae
1473 2941 1607 2983 reliquit,
1618 2953 1648 2975 vt
1661 2945 1833 2986 praedicandi

126 2991 278 3034 Euangelij
289 2987 478 3020 ministerium
489 3007 496 3020 ‚
505 2987 585 3026 quod
592 2988 721 3019 Ecclesia:
732 2987 778 3030 sue
787 2989 943 3023 mandauit,
953 2989 1003 3020 tali
1012 2985 1143 3025 exemplo
1157 2983 1276 3015 sanciret
1287 2995 1293 3014 z
1304 2984 1344 3015 ita
1355 2994 1431 3014 nunc
1440 2987 1571 3027 Angelus
1580 2989 1670 3018 Petro
1679 2989 1776 3024 locum
1789 3001 1836 3020 ce-

128 3036 173 3066 dit
182 3057 191 3069 ,
200 3047 230 3067 vt
239 3043 344 3065 munus
355 3029 405 3061 sibi
421 3029 436 3060 :i
447 3030 564 3060 Christo
573 3031 755 3063 commissum
767 3043 931 3075 exequatur.
963 3038 1038 3073 Ergo
1049 3051 1058 3064 ,
1068 3025 1194 3069 quisquis
1203 3028 1265 3058 vult
1274 3027 1379 3058 Christi
1392 3026 1447 3059 effe
1457 3028 1611 3072 discipulus
1620 3052 1628 3066 ,
1639 3034 1670 3063 ἃ
1680 3032 1836 3064 illuminari

129 3079 246 3111 caelestis
255 3077 397 3117 sapientiae
405 3074 471 3105 luce
480 3092 489 3106 ‚
498 3074 533 3104 ad
543 3084 688 3114 extet-nam
699 3076 851 3109 hominum
863 3087 980 3109 vocem,
990 3085 1044 3117 qua
1054 3071 1184 3103 Christus
1195 3081 1333 3112 tanquam
1344 3082 1456 3113 organo
1465 3075 1557 3106 vritur
1567 3096 1576 3110 ‚
1587 3077 1618 3106 δε
1630 3075 1772 3109 cui'fidem
1784 3088 1837 3108 no·

129 3122 213 3153 stram
222 3122 284 3154 vult
291 3120 348 3152 esse
357 3127 496 3150 annexam
507 3139 515 3152 ‚
527 3128 669 3150 attentum
681 3119 706 3150 se
715 3131 747 3150 ac
757 3120 883 3152 docilem
895 3120 1020 3163 praebete
1030 3128 1066 3148 ne
1085 3125 1228 3157 grauetur.
1261 3117 1295 3144 Et
1316 3116 1449 3148 videmus
1464 3117 1550 3159 quam
1569 3119 1722 3150 horrendis
1740 3121 1834 3151 modis

132 3166 211 3197 vitus
220 3165 249 3196 sit
258 3165 404 3195 Dominus
414 3161 548 3192 furiosam
560 3173 662 3201 eorum
680 3163 842 3206 superbiam
853 3187 861 3201 ‚
871 3166 921 3207 qui
939 3170 1105 3200 contempta
1123 3158 1326 3199 praedicatione
1337 3178 1345 3192 2
1358 3162 1552 3193 reuelationes
1563 3162 1579 3194 ὲ
1588 3163 1656 3194 caelo
1673 3173 1834 3205 captarunt,

130 3221 198 3241 nam
207 3219 296 3252 quum
305 3209 333 3238 in
342 3207 514 3238 hominibus
522 3207 614 3238 audiri
626 3208 768 3244 velit,non
780 3206 894 3250 possunt
903 3208 961 3239 sine
971 3207 1032 3237 eius
1040 3212 1209 3243 contemptu
1219 3205 1249 3233 δι
1262 3206 1440 3236 contumelia
1448 3204 1539 3246 sperni
1551 3207 1670 3239 ministri
1679 3207 1751 3248 apud
1762 3215 1836 3247 quos

129 3255 254 3285 verbum
265 3251 345 3282 suum
357 3249 498 3291 deposuit.
522 3252 636 3283 Interea
647 3273 656 3287 ‚
668 3252 835 3292 probandos
846 3252 901 3284 effe
912 3251 1026 3290 spiritus
1034 3247 1126 3278 fateor
1135 3267 1144 3281 ‚
1153 3257 1189 3276 ne
1199 3247 1349 3278 audiamus
1364 3249 1471 3291 absque
1489 3250 1602 3281 delectu
1613 3273 1623 3287 ‚
1634 3248 1833 3292 quicunquese
1844 3276 1851 3292 ¹
1863 3272 1917 3294 ,ΟΜ
1930 3279 1943 3293 a

131 3297 238 3328 Christi
253 3295 394 3326 ministros
404 3293 581 3326 obtendunt.
615 3294 661 3327 sed
671 3305 739 3338 quia
747 3296 818 3328 fides
830 3307 866 3328 eit
874 3295 974 3327 andiu!
984 3293 1023 3324 est
1031 3311 1041 3327 2
1050 3299 1139 3321 nemo
1147 3290 1182 3321 ad
1192 3300 1253 3321 eam
1264 3294 1414 3332 perueniet
1423 3315 1433 3329 ,
1446 3294 1496 3336 qui
1505 3295 1634 3325 Verbum
1653 3294 1831 3335 predicatum
1844 3289 1888 3326 esd.
1922 3289 1952 3299 ’”“

137 3341 249 3383 respuet
258 3349 348 3380 atque
358 3337 562 3378 aspernabitur.
1350 3356 1353 3358 -
1731 3354 1764 3387 ᾗ.
1841 3338 1953 3392 Yfflffl*

177 3400 202 3436 7
251 3384 419 3435 Postquam
430 3382 513 3419 veri>
526 3383 607 3421 abiit
617 3383 789 3437 cAngelm
799 3385 857 3436 qui
869 3379 1022 3420 cornelio
1034 3377 1191 3431 loquutus
1198 3387 1280 3426 erat,
1291 3377 1345 3418 hi:
1354 3388 1483 3417 vocans
1493 3380 1575 3419 duos
1585 3391 1630 3417 ex
1636 3380 1740 3432 struis
1747 3383 1833 3434 fini,
1860 3377 1901 3398 '¹⁷’

136 3441 423 3491 &militempt'nm
435 3449 479 3474 ex
493 3435 544 3474 has-
557 3442 614 3491 qui
616 3436 680 3492 ſsbt
692 3437 857 3476 astabant:
1367 3460 1369 3462 >

186 3500 208 3536 8
215 3498 373 3550 a333¹?an
384 3490 572 3545 e.vpostkiffi.'t
583 3497 628 3533 ers
638 3497 750 3532 omnia
761 3520 771 3536 ‚
788 3493 872 3548 mt'fit
882 3491 961 3547 ipfhs
972 3498 1098 3545 Ioppen.

1853 2270 1981 2299 Rosam&

1849 2799 1924 2830 lsa.6;.
1934 2809 1973 2825 am

1437 3542 1518 3584 Hij
