2310 3841
820 149 1092 195 <212va
1143 149 1192 195 v.
1821 178 1862 215 43

111 220 224 255 diceret
233 219 366 265 profefihi
376 219 523 255 carituras,
536 218 603 261 quia
615 228 765 262 nunquam
775 219 811 251 ita
823 221 880 253 alte
892 221 1111 258 transcendent,
1124 231 1156 254 vt
1172 218 1333 262 impediant
1345 216 1402 252 bei
1415 231 1534 253 manum
1547 236 1556 257 ,-
1568 232 1624 263 qua
1634 224 1666 254 δι
1677 223 1732 255 iam
1747 236 1764 265 p
1776 238 1864 261 otest-

111 279 156 300 ter
166 277 303 308 operatus
315 268 393 298 estin
405 267 477 297 Filio
487 264 643 305 vnigeniro
654 286 663 300 ‚
681 275 779 306 neque
793 276 920 306 vnquanr
933 265 1053 298 desinet.
1074 268 1149 297 finis
1158 276 1256 296 tamen
1269 265 1351 297 simul
1370 268 1487 297 additur
1498 287 1506 300 ,
1517 278 1547 298 vt
1560 266 1591 298 fit
1604 268 1662 298 dux
1673 271 1701 299 ἅτ
1716 269 1859 305 seruato„

113 324 178 344 nam
190 315 271 343 Deus
282 309 485 353 quotiesspem
496 307 591 339 salutis
601 309 688 340 dabat
698 309 822 349 populo,
833 320 1009 350 promittere
1026 311 1135 342 solebat
1154 311 1321 352 Principem
1333 318 1383 341 aut
1395 313 1506 353 Regem
1517 332 1525 346 ‚
1536 322 1587 351 per
1596 322 1680 343 curus
1691 322 1816 346 manum
1827 328 1859 346 ο.

112 360 192 389 mnia
204 359 232 387 in
245 358 392 397 integrum
405 354 579 386 restitueret.
591 357 678 384 Hunc
689 354 885 393 principatum
898 356 1030 395 Apostoli
1041 355 1181 386 testantur
1192 355 1310 386 Christo
1320 356 1419 386 dutum
1431 353 1496 386 effe.
1516 356 1619 386 Altero
1628 366 1726 387 tamen
1738 368 1771 397 ep
1788 359 1857 390 the-

111 412 144 433 to
155 401 258 432 clarius
268 410 432 441 exprimunt
441 399 503 428 eius
511 397 651 428 offitium.
662 399 782 427 Summa
789 399 839 432 est,
852 399 909 428 Chr
917 399 999 429 istum
1011 401 1038 430 in
1049 399 1163 430 summo
1174 400 1296 430 honoris
1305 401 1395 440 gradu
1405 400 1584 431 collocatum
1596 398 1697 436 essem
1708 411 1768 443 pop
1791 404 1853 435 lum

111 447 168 477 Dei
179 445 433 487 gubernermeque
446 444 473 473 id
484 441 638 476 modb‚led
648 442 754 472 ducem
766 441 921 473 i'alurficurn
935 445 976 474 vel
990 443 1087 475 salutis
1096 444 1252 475 authorem
1264 443 1384 484 praestet.

124 508 126 510 v
157 494 205 520 Ar>
221 501 240 519 ι)
249 500 264 518 Α
275 501 290 520 Ν
300 501 318 520 r>
328 500 341 518 Α
350 500 370 518 m
389 500 405 518 p
419 498 459 518 οε
476 497 549 517 Νιτε
558 497 598 516 ΝΤ
607 497 617 514 1
627 484 704 524 ΑΜ.)
716 486 839 516 Modum
851 483 898 517 hic
907 488 1066 519 ostendunt
1078 498 1138 530 quo
1148 498 1250 530 regnat
1261 488 1394 518 Ch1··stus
1404 488 1431 518 in
1443 489 1545 528 populi
1557 486 1685 519 salutem:
1697 500 1787 531 quum
1798 491 1849 523 sci..

111 532 183 564 licet
193 534 228 564 ad
241 533 447 574 poenitentiam
459 532 578 561 adducit
588 529 664 564 suos,
675 533 705 561 δι
718 541 906 571 peccatorum
923 534 1088 564 remissione
1099 543 1165 564 cum
1183 534 1251 562 Deo
1263 533 1446 563 recotrtiliar.
1467 533 1562 562 Porro
1572 534 1616 562 his
1627 535 1851 568 duobusconti.

112 588 174 609 neri
184 577 288 608 scimus
297 588 389 609 totam
401 575 551 619 Euangelij
563 574 710 605 summam.
731 574 834 612 Qare
845 576 977 615 Apostoli
989 588 1047 608 non
1068 577 1180 608 tanturn
1193 576 1240 606 hic
1251 576 1336 607 causa:
1354 579 1405 606 111ae
1421 576 1591 607 deleniiore
1600 574 1730 609 insiliunt
1739 599 1748 613 ,
1759 579 1804 611 sed
1814 582 1851 612 de

113 621 223 653 Christi
233 622 334 653 officio
351 623 515 653 luculenter
530 619 743 649 concionantur
755 630 761 649 :
774 630 803 648 vt
815 619 929 660 aliquos
938 621 1026 651 etiam
1038 643 1046 656 ‚
1058 621 1075 650 ii
1087 621 1149 652 fieri
1168 621 1263 661 potest
1273 640 1281 654 ,
1293 631 1327 651 ex
1337 620 1445 651 infestis
1464 631 1580 663 pietati?
1591 622 1724 653 hostibus
1734 623 1849 656 lucrifa-
1879 649 1881 652 ,

112 668 202 697 ciant.
211 666 304 697 Porrb
314 665 386 707 quid
397 665 489 696 valeat
500 674 607 695 nomen
617 665 639 693 P
654 674 691 693 oe
710 674 726 693 u
736 666 974 705 115u<r1.e,prius
985 665 1094 696 didium
1106 665 1154 696 est:
1165 665 1272 705 nempe
1282 686 1292 700 ‚
1303 666 1385 706 quod
1394 664 1425 696 sit
1435 666 1556 696 interior
1569 666 1696 697 hominis
1705 668 1740 697 ad
1750 670 1851 700 Deum

112 709 278 744 conuersro,
289 721 350 750 quae
359 708 386 739 se
398 707 627 750 posteaexternis
637 708 780 747 operibus
801 708 985 740 demonstrat.
1006 713 1079 740 Nam
1091 710 1161 740 ideo
1170 707 1301 750 spiritum
1320 711 1553 752 regenerationis
1571 710 1650 741 affert
1663 711 1751 742 nobis
1763 713 1851 744 Chri-

110 754 181 789 stus,
191 765 223 785 Vt
231 764 287 784 nos
298 764 525 785 intusrenouet:
537 751 597 793 qub
607 755 773 782 nouitatem
788 753 897 783 mentis
915 753 1053 784 &cordis
1069 752 1201 794 sequatur
1212 754 1321 784 deinde
1340 765 1416 784 noua
1426 755 1495 785 vita.
1526 753 1619 792 Qod
1630 754 1648 784 li
1659 757 1687 785 in
1699 757 1850 789 Christum

109 799 257 840 competit
267 809 373 829 munus
381 797 481 828 dandae
491 796 687 837 poenitentiae,
697 795 824 837 sequitur
837 807 897 826 non
910 795 964 827 effe
975 807 1034 828 rern
1046 797 1075 828 in
1085 797 1216 827 hominis
1226 796 1364 829 facultate
1375 798 1505 838 positam.
1515 800 1547 829 Et
1561 799 1639 830 certe
1650 809 1740 841 quum
1751 794 1784 832 lit
1795 803 1849 832 mi·

110 842 191 874 rifica
200 842 330 884 quaedam
340 842 526 883 reformatio,
538 849 599 881 quae
610 838 738 870 nos—facit
751 850 842 870 nouas
851 841 1170 882 creaturas,itnaginem
1179 842 1236 871 Dei
1255 843 1283 871 in
1295 843 1382 872 nobis
1393 854 1468 883 repar
1477 854 1504 873 at
1516 865 1524 878 ‚
1534 843 1548 873 a
1558 854 1670 884 peccati
1681 843 1805 878 seruitue
1816 847 1847 878 in

110 886 285 928 obsequium
295 887 407 919 iustitiae
417 884 551 917 traducit:
563 883 659 914 nihilo
670 883 694 914 se
705 885 798 926 magis
809 894 981 915 conuertere
991 885 1128 915 homines
1140 895 1298 924 poterunt,
1307 886 1394 926 quam
1413 887 1438 917 se
1450 888 1524 927 ipsos
1535 899 1644 919 creare.
1667 887 1712 918 Est
1723 891 1845 931 quidem

110 934 300 974 poenitentia,
311 931 473 963 voluntaria
482 927 643 958 conuerfio:
655 927 701 957 sed
711 929 788 958 vnde
800 928 859 958 haec
869 928 1006 959 voluntas
1015 949 1024 962 ‚
1045 927 1093 959 nisi
1104 929 1185 970 qnod
1207 931 1289 959 Deus
1305 941 1356 960 cor
1375 931 1502 961 nostrum
1518 941 1622 967 mutat,
1633 943 1663 963 vt
1675 943 1707 963 ex
1715 933 1845 975 lapideo,
1858 941 1955 967 heah,

110 976 161 1007 fiat
173 986 311 1007 carneum
324 985 377 1004 :ex
386 975 460 1004 duro
470 976 501 1004 &
512 971 662 1013 praesratsto
671 990 681 1005 ‚
693 971 833 1002 flexibile:
844 983 880 1007 ac,
892 973 1021 1014 denique
1034 983 1066 1003 ex
1077 983 1168 1014 prauo
1188 973 1320 1004 redium?
1343 974 1375 1003 ld
1384 986 1480 1006 autern
1491 975 1533 1009 fit,
1544 986 1632 1017 quum
1649 972 1701 1008 no's
1713 980 1845 1011 Christus
1857 981 1913 1003 ω’*

110 1021 162 1052 suo
173 1020 279 1061 Spiritu
292 1028 454 1060 regenerat.
489 1020 553 1047 Nec
563 1016 634 1048 verb
643 1015 701 1046 hoc
711 1016 796 1047 vnius
806 1018 948 1047 momenti
959 1018 1070 1048 donum
1084 1017 1135 1050 est,
1147 1015 1195 1048 sed
1209 1018 1342 1059 quotidie
1351 1029 1411 1049 tota
1424 1020 1480 1049 vita
1497 1021 1593 1060 augeri
1605 1031 1737 1061 oportet,
1748 1016 1844 1056 donee

110 1064 198 1106 plene
205 1064 400 1097 adhaereamus
411 1064 488 1092 Deo:
499 1061 580 1102 quod
591 1070 658 1091 tunc
672 1059 720 1091 fiet
730 1060 862 1096 demum,
872 1062 922 1091 vbi
933 1072 1047 1093 carnem
1060 1062 1185 1092 nostram
1198 1063 1372 1093 exuerimus.
1394 1063 1438 1093 Est
1448 1063 1567 1105 quidem
1587 1065 1646 1095 hoc
1658 1067 1844 1106 poenitentiae

111 1110 229 1140 initium
243 1130 252 1144 ,
262 1118 352 1149 quum
363 1107 456 1137 homo
465 1127 474 1140 ,
486 1107 535 1147 qui
547 1105 625 1146 prius
635 1104 649 1134 a
660 1107 728 1135 Deo
737 1104 852 1135 auersus
861 1105 1002 1141 erat,fibi
1021 1109 1052 1138 &
1065 1107 1176 1137 mundo
1193 1107 1365 1138 renuntians
1375 1129 1383 1142 ,
1404 1118 1512 1138 nouam
1532 1108 1618 1139 vitam
1633 1109 1763 1142 instituit.
1807 1113 1843 1143 ed

111 1154 178 1195 quia
187 1154 263 1185 viam
272 1151 388 1194 ingressi
399 1149 521 1192 ,procul
530 1150 545 1180 ὲ
554 1159 629 1180 meta
640 1149 777 1180 distamus
788 1171 797 1184 ‚
810 1149 917 1180 assidue
935 1149 1072 1193 progredi
1085 1149 1198 1181 necesse
1208 1150 1265 1186 est,
1276 1161 1432 1193 vtrurnque
1450 1152 1656 1194 consequimur
1672 1152 1779 1187 Christi
1790 1157 1843 1188 be-¹

110 1198 229 1229 neficio.
262 1199 337 1227 Nam
348 1195 419 1226 sicut
427 1195 635 1236 poenitentiam
646 1194 675 1225 in
691 1195 778 1224 nobis
789 1194 904 1235 incipit,
914 1195 953 1226 ita
964 1196 993 1226 δι
1007 1194 1251 1236 perseuerantiam
1264 1196 1364 1227 donar.
1376 1199 1440 1227 Haec
1452 1197 1570 1238 quidem
1582 1197 1790 1232 inaestimabilis
1802 1201 1843 1233 est

111 1243 202 1284 gratia
213 1254 219 1271 :
229 1241 276 1272 sed
286 1251 385 1282 parum
396 1236 541 1281 prodesset
549 1259 558 1273 ‚
570 1237 619 1268 nili
630 1238 787 1269 coniuncta
797 1250 863 1270 cum
873 1240 1061 1280 peccatorum
1071 1239 1246 1271 remiffione.
1293 1243 1368 1271 Nam
1381 1244 1409 1272 &
1421 1242 1517 1272 horres
1527 1243 1582 1272 Dei
1595 1252 1648 1272 nos
1660 1244 1786 1284 primum
1797 1247 1843 1276 ins

111 1288 195 1318 uenit
204 1286 349 1319 Christus,
363 1283 513 1324 &semper
527 1283 633 1313 haerent
644 1282 672 1312 in
685 1283 772 1313 nobis
787 1284 854 1314 vitia
865 1304 874 1318 ‚
886 1294 947 1324 quae
955 1283 1100 1315 dimdium
1112 1283 1188 1315 inter
1201 1294 1254 1314 nos
1265 1286 1296 1315 Ze
1311 1285 1390 1316 illum
1400 1284 1506 1317 faciant
1517 1297 1524 1316 ι
1535 1296 1564 1317 vt
1576 1286 1686 1318 merito
1697 1290 1784 1320 nobis
1796 1291 1842 1320 ina

110 1330 204 1362 fensus
217 1329 261 1365 fit,
270 1331 363 1371 tnagis
371 1328 456 1370 quam
467 1328 662 1369 propitius-In
674 1337 711 1358 eo
721 1338 817 1358 autern
827 1326 930 1359 iustitia
941 1327 1083 1364 consistit,
1095 1327 1114 1358 fi
1132 1338 1251 1369 peccata
1266 1329 1353 1360 nobis
1370 1332 1452 1360 Deus
1462 1340 1520 1360 non
1538 1331 1670 1372 imputat.
1693 1334 1770 1376 Ergo
1782 1334 1841 1366 haec

111 1376 254 1416 posterior
265 1375 356 1416 gratia
366 1374 380 1404 a
392 1373 480 1414 priori
492 1371 615 1413 disiungi
626 1381 773 1412 nunquam
785 1370 885 1403 debet.
910 1374 992 1412 Qin
1003 1373 1104 1414 potius
1113 1371 1251 1403 mutilum
1261 1373 1316 1406 erit
1328 1376 1359 1405 δε
1369 1385 1540 1416 corruptum
1562 1376 1754 1418 Euangelium
1764 1400 1774 1414 ‚
1785 1379 1839 1410 nisi

111 1419 230 1450 duobus
241 1419 286 1449 his
298 1417 438 1448 membris
447 1416 569 1448 constet:
579 1417 638 1447 hoc
647 1415 697 1449 est,
709 1416 760 1445 nifi
770 1415 927 1447 doceantur
942 1417 1077 1447 homines
1086 1418 1210 1458 gratuita
1220 1417 1330 1448 iustitiae
1347 1420 1542 1458 imputatione
1551 1418 1577 1451 se
1589 1422 1655 1450 Deo
1666 1423 1840 1453 reconcilian

110 1465 134 1496 ri
145 1474 197 1505 per
207 1463 355 1494 Christum
365 1481 374 1496 2
385 1465 415 1494 δι
426 1460 656 1504 regenerationis
665 1458 764 1501 spiritu
774 1459 878 1502 refingi
887 1462 916 1492 in
925 1472 1034 1493 nouam
1044 1461 1144 1493 vitam.
1156 1464 1212 1492 -lta
1222 1461 1352 1495 breuiter
1362 1464 1667 1506 tenemus‚quomodo
1676 1466 1839 1500 obtinenda

111 1508 145 1540 fit
156 1509 186 1539 in
199 1507 317 1539 Christo
327 1506 409 1538 salus.
1058 1544 1062 1545 ⁷
1370 1523 1372 1528 ,

142 1564 172 1591 3⁷-
204 1555 334 1589 Nostrt
360 1561 432 1582 nrvs
461 1560 587 1580 res-res.
597 1549 611 1588 )
621 1547 777 1589 Postquam
787 1548 879 1580 testati
888 1547 951 1580 sunt
960 1547 1120 1591 profectam
1135 1549 1226 1581 &Deo
1239 1547 1294 1581 esse
1303 1549 1381 1581 suam
1393 1551 1555 1584 doEirinam
1568 1574 1576 1589 ,
1585 1563 1663 1587 nunc
1671 1552 1706 1586 ad
1718 1551 1839 1589 alteram

108 1607 221 1638 partem
233 1594 424 1626 descendunt:
432 1593 459 1624 se
468 1604 528 1624 non
538 1593 620 1633 loqui
631 1590 682 1622 nifi
693 1592 785 1622 aDeo
793 1591 930 1628 iuffos‚ne
941 1593 1055 1625 temere
1065 1594 1222 1636 quicquam
1233 1594 1352 1636 aggredi
1364 1598 1526 1628 videantur.
1534 1598 1595 1629 Fuit
1605 1601 1684 1631 enirn
1696 1601 1754 1632 haec
1765 1611 1840 1642 quo-

109 1651 167 1683 que
178 1637 333 1680 necelffatia
344 1634 485 1669 defenfio:
496 1636 579 1668 sicuti
590 1637 630 1667 est
637 1636 777 1667 omnibus
786 1637 937 1681 Euangelij
952 1637 1100 1673 ministris,
1122 1647 1230 1679 nempe
1240 1660 1249 1673 ‚
1261 1649 1291 1670 vt
1301 1638 1434 1672 testatum
1446 1640 1572 1677 faciant,
1582 1643 1653 1674 nihil
1665 1643 1691 1676 se
1708 1645 1840 1686 proferre

107 1684 139 1716 in
150 1684 280 1715 medium
291 1703 300 1717 ,
309 1682 390 1724 quod
399 1692 458 1713 non
468 1681 484 1712 ὲ
492 1683 562 1712 Deo
570 1679 746 1722 acceperint.
770 1680 889 1712 Deinde
898 1684 933 1712 ad
943 1681 1001 1712 hoc
1011 1680 1038 1712 se
1047 1692 1171 1714 vocatos
1183 1680 1251 1717 effe,
1259 1692 1290 1713 vt
1300 1681 1428 1716 docendi
1439 1684 1637 1717 neceffitatem
1651 1682 1779 1731 effugere
1788 1700 1841 1720 ne,

108 1739 228 1771 queant,
242 1728 313 1769 quin
323 1730 391 1758 Deo
402 1725 457 1757 lint
466 1725 602 1757 rebelles.
610 1735 628 1757 v
639 1736 656 1756 Β
664 1737 687 1761 AR
697 1736 713 1754 Β
727 1737 742 1755 Α
753 1722 802 1755 hic
810 1736 865 1766 pro
874 1725 962 1757 rebus
971 1724 1129 1757 secundum
1139 1725 1252 1768 phrafin
1263 1727 1441 1761 Hebraicam
1450 1728 1546 1770 posuit
1558 1729 1841 1775 Lucas.Quanquam

108 1773 130 1803 st
140 1773 177 1803 de
188 1771 249 1813 ipso
258 1770 391 1802 sermone
401 1770 535 1812 accipere
544 1769 636 1811 magis
646 1769 750 1805 libeat,
759 1780 818 1800 non
829 1779 973 1811 repugno.
995 1772 1115 1802 Summa
1127 1771 1178 1808 est,
1187 1771 1239 1804 vbi
1249 1771 1265 1801 ὲ
1275 1773 1342 1802 Deo
1352 1774 1488 1816 produsti
1497 1772 1561 1806 sunt
1570 1773 1666 1811 testes,
1677 1776 1720 1808 fas
1731 1786 1790 1809 non
1801 1776 1841 1809 ess

108 1815 137 1848 se
147 1814 341 1857 tergiuersari,
351 1815 421 1856 quin
430 1814 620 1856 promulgent
629 1813 711 1855 quod
721 1812 770 1843 ille
781 1814 925 1854 praecepit.
1129 1853 1133 1855 μ
1500 1835 1506 1842 .

152 1863 302 1891 lnsvm
329 1870 368 1889 ET
393 1859 571 1897 srrarrvS.)
594 1858 642 1887 Ab
653 1855 756 1888 effeetu
765 1857 953 1888 vocationem
964 1855 1040 1887 suam
1058 1857 1244 1890 confirmant.
1268 1856 1335 1890 Erat
1345 1860 1425 1892 enim
1441 1857 1500 1891 hoc
1508 1857 1585 1903 quffii
1597 1857 1720 1905 sigillum
1731 1872 1837 1907 approa

108 1904 213 1937 bandae
222 1914 325 1935 eorum
334 1902 484 1936 doctrinae,
495 1911 584 1943 quum
592 1900 675 1932 Deus
685 1901 791 1942 Spiritu
802 1900 899 1931 sanCto
908 1899 1063 1932 credentes
1073 1901 1205 1933 donaret.
1236 1903 1388 1944 Siquidem
1408 1905 1477 1936 hinc
1487 1906 1651 1942 constabat,
1660 1909 1778 1948 probari
1791 1909 1835 1940 illl

109 1961 144 1982 ac
153 1959 264 1992 gratam
275 1945 330 1978 esse
340 1946 491 1991 Euangelij
502 1944 602 1976 fidem.
623 1944 716 1982 Qiod
726 1944 841 1990 dicunt,
854 1955 1084 1976 oreon-‚urum
1093 1956 1104 1973 s
1120 1945 1172 1986 ipfi
1183 1966 1192 1980 ‚
1202 1957 1260 1988 ego
1269 1946 1304 1977 ad
1316 1946 1464 1979 Christum
1477 1947 1576 1980 refero
1589 1960 1636 1981 :ac
1645 1950 1664 1981 fi
1677 1950 1787 1983 dictum
1799 1948 1841 1983 es-

108 1994 150 2026 set
159 2014 169 2028 ‚
181 1993 243 2032 Qi
253 1993 283 2023 in
294 1990 443 2022 Christum
454 1989 595 2032 credunt,
604 1988 730 2030 amplam
740 1988 756 2020 ὲ
765 1991 833 2020 Deo
849 1987 980 2021 referunt
998 1988 1176 2020 obedientiae
1193 1988 1245 2021 suae‘
1263 1991 1439 2023 mercedem.
1460 1992 1530 2024 Vult
1540 2001 1611 2035 ergo
1629 1995 1710 2025 Deus
1719 1994 1838 2027 Christo

107 2038 239 2071 obediri,
247 2047 337 2077 quare
348 2037 380 2067 δε
390 2034 519 2066 nostrum
529 2044 561 2065 ea
572 2033 602 2063 in
611 2042 641 2063 re
651 2032 841 2065 ministerium
852 2032 894 2064 illi
906 2034 1009 2075 placet.
1033 2033 1131 2073 Qaeri
1141 2044 1238 2065 tamen
1249 2035 1447 2078 potest,quum
1459 2036 1547 2068 fidem
1557 2036 1717 2069 habeamus
1728 2049 1762 2071 ex
1774 2041 1839 2082 Spiis

107 2083 183 2114 ritus
192 2081 375 2113 reuelatione
387 2100 396 2114 ‚
406 2078 561 2121 quomodo
571 2074 622 2108 hic
633 2076 744 2108 dicatur
753 2077 817 2118 post
825 2077 914 2110 fidem
926 2078 997 2108 dari.
1020 2078 1198 2119 Respondeo
1207 2101 1216 2117 ,
1225 2078 1337 2110 donum
1346 2078 1509 2123 linguarum
1519 2100 1528 2115 ‚
1550 2082 1710 2123 prophetiae
1719 2105 1728 2119 ‚
1746 2085 1838 2115 inter.

108 2126 285 2167 pretationis
299 2144 308 2158 ‚
318 2123 498 2155 sanationum
509 2143 519 2158 ,
528 2125 558 2154 δε
567 2121 668 2152 similia
680 2122 795 2157 notari,
806 2121 914 2163 quibus
928 2120 1084 2153 Ecclesiam
1102 2120 1179 2153 suam
1191 2131 1261 2155 tunc
1270 2124 1352 2154 Deus
1363 2124 1500 2156 ornabat.
1532 2127 1664 2157 Sicuti&
1675 2127 1751 2168 apud
1762 2131 1836 2160 Pau.

108 2170 170 2203 lum
180 2191 188 2204 ‚
200 2170 251 2202 vbi
262 2171 422 2211 interrogat
439 2167 558 2198 Galatas
568 2188 577 2202 ‚
589 2176 622 2196 ex
631 2165 736 2208 legene
745 2165 912 2206 acceperint
921 2164 1050 2207 spiritum
1061 2176 1096 2196 an
1108 2176 1141 2196 ex
1151 2165 1251 2198 auditu
1264 2167 1342 2199 fidei.
1368 2171 1411 2198 Ita
1421 2168 1597 2200 illuminatio
1615 2170 1736 2211 Spiritus
1745 2172 1900 2210 fidem'ffli,
1913 2195 1940 2211 χ,
1953 2195 1965 2211 ‚

108 2215 263 2258 praecedit,
277 2212 346 2255 quia
370 2213 433 2243 eius
443 2210 524 2244 causa
544 2211 583 2242 est
594 2208 658 2241 :sed
668 2210 766 2251 postea
774 2210 834 2241 aliae
844 2211 940 2252 gratiae
948 2210 1106 2251 sequuntur
1115 2210 1151 2240 ad
1170 2210 1332 2251 profestum
1343 2224 1350 2242 :
1361 2212 1437 2243 iuxta
1449 2212 1520 2243 illud
1532 2235 1540 2248 ,
1560 2214 1691 2245 Habenti
1707 2215 1835 2247 dabitur.
1847 2203 1973 2250 mmiiaff

107 2263 173 2291 Nos
183 2268 304 2301 quoque
315 2255 333 2287 fi
344 2256 469 2288 velimus
479 2255 567 2286 nouis
576 2253 697 2285 subinde
708 2254 793 2286 donis
801 2254 923 2296 Spiritus
934 2254 1040 2289 ditari,
1064 2253 1130 2284 fidei
1142 2253 1233 2286 finum
1245 2257 1408 2296 aperiamus
1416 2259 1493 2287 Deo.
1519 2257 1575 2287 Sed
1590 2257 1680 2301 longe
1690 2259 1834 2292 diuersum
1845 2252 1899 2276 ΒΜ·

107 2305 257 2347 praemium
269 2301 360 2332 hodie
370 2309 500 2341 reportat
510 2299 604 2330 nostra
614 2297 813 2334 incredulitas,
824 2298 903 2340 quod
914 2298 993 2329 bona
1003 2308 1068 2339 pars
1076 2299 1187 2340 Spiritu
1195 2299 1252 2330 Dei
1264 2298 1410 2335 destituta,
1421 2301 1494 2331 nihil
1504 2301 1574 2342 sapit
1584 2310 1632 2333 aut
1641 2303 1731 2335 videt.

139 2360 166 2388 33
196 2350 255 2377 Dis
265 2357 297 2376 ss
306 2356 322 2375 c
331 2356 392 2374 Aa».
401 2345 519 2383 srvit.)
544 2343 717 2374 Debuerant
735 2343 903 2382 permouen'
923 2342 1095 2373 Sacerdotes
1105 2364 1115 2377 ‚
1133 2342 1243 2374 etiamfi
1265 2343 1366 2376 ferreis
1378 2341 1467 2376 effent
1477 2346 1627 2381 cordibus,
1637 2346 1683 2377 sed
1694 2355 1836 2388 rumpun-

107 2402 163 2425 tur.
184 2391 270 2421 Vnde
280 2389 447 2430 colligimus
458 2409 466 2422 ,
479 2386 552 2418 nihil
563 2387 659 2418 valere
668 2397 717 2417 aut
730 2386 874 2427 proficere
886 2386 997 2427 quasuis
1006 2387 1135 2418 rationes
1145 2385 1222 2426 apud
1232 2389 1394 2428 reprobos,
1413 2398 1446 2420 vr
1455 2390 1485 2420 in
1504 2390 1559 2420 Dei
1571 2390 1772 2422 obedientiam
1782 2392 1832 2423 fle-

108 2436 236 2467 Ctantur.
257 2433 317 2465 Nisi
330 2433 409 2464 enim
420 2434 501 2463 Deus
510 2432 589 2462 intus
599 2430 735 2471 loquatur
745 2449 754 2464 ,
767 2440 882 2461 externa
891 2431 1022 2461 doctrina
1032 2430 1107 2461 nihil
1117 2430 1197 2461 aliud
1207 2432 1295 2472 quam
1304 2442 1386 2463 aures
1397 2434 1550 2464 verberare
1569 2444 1685 2475 poterit.
1713 2437 1832 2466 Efficere

107 2489 269 2523 potuerunt
277 2477 420 2518 Apostoli,
431 2487 464 2508 vt
474 2475 568 2507 hostes
578 2474 648 2506 victi
659 2474 897 2506 obmutescerent
908 2474 970 2506 :sed
981 2474 1055 2505 adeb
1067 2484 1125 2505 non
1139 2473 1197 2505 fuit
1207 2474 1319 2507 domita
1341 2477 1386 2508 vel
1401 2478 1530 2509 correcta
1550 2489 1651 2510 eorum
1664 2478 1770 2509 ferocia
1783 2501 1790 2513 ‚
1800 2485 1833 2510 vt

107 2525 200 2567 magis
210 2523 361 2555 insaniant.
383 2521 474 2551 Simul
482 2530 582 2552 tamen
592 2519 720 2550 notanda
731 2519 770 2549 est
781 2519 872 2549 Verbi
885 2518 1009 2549 efficacia
1020 2518 1100 2560 :quia
1112 2518 1225 2550 tametsi
1237 2520 1381 2561 reprobos
1393 2533 1452 2552 non
1463 2523 1593 2552 mutarim
1610 2523 1712 2553 melius
1722 2543 1730 2555 ‚
1742 2533 1832 2562 pene-

105 2577 268 2601 trattamen
279 2567 308 2596 in
318 2575 421 2596 eorum
431 2564 520 2596 corda
531 2573 580 2599 ‚vt
589 2573 691 2594 eorum
702 2562 893 2594 conscientias
902 2573 1010 2605 vrgeat.
1033 2566 1108 2594 Nam
1120 2563 1279 2595 indefuror
1293 2585 1303 2599 ‚
1324 2565 1404 2605 quod
1413 2565 1440 2596 se
1458 2566 1473 2596 ὲ
1482 2565 1581 2596 iudice
1599 2565 1649 2596 suo
1665 2568 1756 2606 premi
1768 2566 1830 2596 sen-

106 2616 192 2647 tiunt.
215 2611 355 2651 Libenter
364 2609 521 2640 illuderent
530 2618 627 2639 totum
638 2607 822 2649 euangelium
834 2619 840 2638 :
851 2607 933 2638 sicuti
952 2607 1024 2638 nihil
1036 2617 1096 2637 non
1115 2617 1226 2648 agunt,
1239 2617 1268 2638 vt
1280 2609 1386 2648 poffint
1397 2609 1467 2639 illud
1479 2619 1532 2650 pro
1544 2609 1638 2639 nihilo
1648 2609 1770 2640 duceret
1780 2607 1828 2640 sed

106 2657 179 2691 inest
190 2655 303 2688 occulta
314 2653 444 2696 quaedarn
453 2653 585 2685 maiestas
596 2674 604 2686 ‚
613 2662 674 2693 quae
683 2662 786 2681 ornnes
796 2652 912 2682 illorum
923 2651 1046 2683 delicias
1054 2650 1201 2684 violenter
1210 2650 1342 2687 discutio
1355 2652 1510 2684 Praesertim
1527 2653 1599 2685 verb
1611 2664 1647 2696 qu
1653 2664 1699 2685 um
1711 2653 1828 2696 clange*

106 2714 138 2737 re
147 2703 224 2735 rubae
233 2701 269 2732 ad
278 2700 336 2730 Dei
345 2698 474 2731 tribunal
483 2698 620 2732 citantur,
631 2705 702 2728 tunc
713 2695 811 2728 rabies
820 2706 946 2739 apparet⁴

152 2813 198 2852 34
227 2806 371 2853 Surgem
381 2808 493 2837 autem
501 2795 642 2851 quidam
651 2797 689 2834 in
708 2795 844 2836 concilio
869 2793 1053 2850 Pharfitffi
1063 2797 1199 2834 nomine
1210 2792 1394 2840 Gamaliel,
1413 2794 1511 2851 Legd
1520 2796 1651 2842 dod-or,
1665 2796 1826 2853 pretiosas
1873 2818 1876 2825 ·

107 2868 169 2897 ton
175 2857 307 2911 popula,
319 2856 407 2907 tusstt
416 2854 578 2910 paulisper
587 2853 683 2890 educi
694 2849 966 2906 Apofiolosforas.

149 2927 182 2964 35
218 2920 316 2950 Tunc
324 2912 418 2949 a't'xzt
427 2911 490 2949 illes
501 2937 513 2953 ,
523 2912 604 2948 Viri
612 2908 762 2962 Jstaelttae
772 2939 783 2958 ,
794 2910 959 2949 attendite
969 2905 1064 2947 vahl&
1076 2906 1148 2961 ipsis
1157 2935 1167 2952 ,
1179 2917 1345 2960 quantum
1354 2905 1403 2944 ad
1408 2905 1561 2961 homines
1570 2909 1653 2947 iftos
1663 2907 1823 2965 quid-fini*

97 2969 236 3020 fitHuri.

151 3032 190 3076 36
231 3031 332 3072 Ram
342 3034 421 3061 ante
429 3021 491 3061 hos
499 3019 572 3058 dies
578 3018 724 3070 fiarrexit
731 3020 893 3059 Theudas
903 3050 913 3065 2
923 3022 1039 3059 dicens
1045 3016 1083 3071 se
1092 3018 1240 3070 aliquem
1258 3015 1317 3071 effi·
1329 3031 1486 3071 magnum
1494 3047 1504 3064 ‚
1521 3022 1574 3057 cui
1581 3018 1737 3075 consenſst
1744 3037 1815 3059 mas

105 3077 216 3118 meria
224 3079 400 3118 hominum
407 3081 534 3117 circiter
541 3077 864 3132 quadringentorum
874 3096 885 3116 .-
895 3080 955 3132 qui
960 3078 1061 3132 periit
1068 3103 1078 3120 ‚
1102 3073 1142 3119 ό*
1153 3072 1298 3128 dgsst'patt'
1303 3072 1388 3124 fimt
1404 3089 1520 3114 omnes
1530 3078 1591 3131 qui
1608 3079 1658 3115 illi
1676 3076 1808 3117 obedie-

106 3145 203 3179 rant,
212 3135 406 3190 redaHiquc
425 3138 463 3173 in
481 3133 640 3171 nihilum.

153 3203 196 3240 37
234 3195 310 3228 port
316 3191 553 3241 huncfilrrexit
562 3189 662 3227 Iudas
676 3190 824 3239 Galilqm
841 3193 879 3227 in
889 3187 1004 3227 diebus
1024 3182 1264 3237 destriptiomi,
1283 3185 1324 3230 ό*
1340 3182 1484 3225 abduxit
1496 3186 1656 3242 populum
1665 3189 1808 3227 multum

101 3248 174 3303 post
179 3247 210 3294 β’
218 3264 229 3284 .·
239 3245 293 3282 ille
302 3261 432 3301 quoque
439 3247 538 3299 periit
545 3274 555 3290 ,
564 3244 601 3289 (ἶ)-
614 3259 728 3284 omnes
739 3250 798 3300 qui
807 3247 855 3285 illi
860 3252 1040 3299 paruerant
1049 3271 1060 3287 ‚
1072 3240 1214 3292 disitpati
1222 3239 1312 3294 fi‘m‘

147 3307 185 3353 38
229 3308 267 3339 N
269 3305 451 3356 uncitaque
461 3302 534 3340 dico
543 3298 638 3339 vobis
647 3329 658 3344 ,
667 3300 866 3342 estbfttnete
875 3299 915 3339 ab
935 3298 984 3336 lui
993 3294 1184 3335 hominibus
1194 3326 1205 3345 ,
1229 3297 1269 3343 ὠ-
1276 3297 1381 3351 finite
1391 3313 1455 3338 eos.
1472 3305 1510 3336 N
1512 3314 1568 3337 am
1567 3299 1602 3354 fi
1607 3313 1650 3337 ex
1658 3294 1807 3338 homini-

104 3358 164 3398 bus
173 3361 222 3397 eft'
229 3355 461 3409 horconsilium
471 3358 533 3395 vel
541 3355 601 3395 hoc
610 3360 699 3411 opn's,
709 3356 906 3411 dtffivluetur.
1433 3352 1435 3354 ’

151 3427 191 3466 39
239 3415 300 3453 Sin
309 3412 391 3452 verb
402 3429 446 3453 ex
457 3423 548 3460 Deo,
560 3428 628 3454 non
637 3414 769 3473 potesta}
786 3411 976 3468 diffitluerez
993 3421 1036 3447 ne
1049 3404 1183 3463 quando
1204 3412 1307 3449 etiam
1324 3425 1397 3452 cum
1416 3419 1488 3450 Deo
1498 3417 1646 3462 pugnare
1657 3413 1806 3464 reperia-

107 3474 204 3512 mini.
1484 3519 1489 3524 ⁴
1507 3518 1512 3523 ¹

1420 3522 1447 3551 D
1480 3520 1525 3560 iiij
