2310 3841
575 174 1004 244 ‘SECV'NDVM
1036 175 1482 225 IOHANNEM.
1902 209 1952 250 45

261 267 302 303 27
339 258 382 291 Β
393 255 603 300 miraeifimt.)
627 257 730 303 Qod
739 255 943 304 Euangelista
961 255 1056 292 refert

213 308 348 340 miratos
366 302 454 340 fuiss'e
473 302 643 349 discipulos
652 327 661 343 2
673 306 789 352 duplex
797 306 857 340 esie
875 305 975 339 caussa
992 318 1055 352 po.

212 352 291 387 tuit:
305 355 355 388 vel
367 352 455 400 quod
469 363 531 385 nos
548 349 729 389 offenderet
736 351 872 400 persone
883 353 1055 393 vilitas‚vel

212 401 301 447 quod
324 403 438 448 Iudeos
451 399 554 446 pollui
577 400 928 437 arbitrabanturficum
947 404 1055 436 Sama-

210 449 323 484 ritanis
335 448 514 484 sermonem
536 446 718 485 miscerent.
742 448 887 484 Tametfi
899 460 1004 484 autem
1015 464 1054 486 v-

209 506 349 545 trunque
369 509 406 532 ex
423 497 472 543 pia
493 496 642 544 Magistri
668 498 849 533 reuerentia
875 498 1053 538 oriebatur,

210 556 377 591 perperam
389 556 495 580 tamen
507 543 625 580 faciunt
634 545 656 580 fi
670 547 836 585 mirantur,
846 545 932 594 quasi
943 544 1053 582 absur-

209 593 286 627 dum
297 616 308 632 ‚
320 593 410 643 quod
430 593 599 629 mulierem
611 592 737 641 prorsus
767 593 926 629 abiestam
938 595 1052 642 digne-

209 650 261 673 tur
271 641 327 676 ille
336 653 428 676 tanto
439 641 579 678 honore.
607 643 679 677 Cur
689 643 777 678 enim
788 655 857 677 non
866 641 897 678 se
906 644 1015 690 potius
1025 645 1053 678 i-

207 686 279 734 psos
287 687 481 736 respiciunt?
492 691 669 737 reperirent
690 692 775 726 certe
785 691 852 726 illic
863 704 930 726 non
941 693 1051 726 mino-

207 748 278 771 rem
288 735 433 784 stupendi
444 739 608 774 materiam
618 760 628 777 ‚
639 737 728 785 quod
748 739 842 774 nihili
854 738 1051 775 homuncio-

206 789 314 823 ncs‚&
327 796 477 834 tanquam
487 786 598 833 populi
633 785 827 834 uisquilie,in
837 786 995 824 summum
1005 789 1051 822 ho

206 833 299 867 noris
313 836 446 881 gradum
459 835 561 871 euceri
574 798 682 868 cisitnt.
701 835 742 869 Et
754 847 860 870 tamen
872 837 962 884 quod
974 836 1052 870 dicit

208 880 497 930 Euangelista‚non
509 880 597 917 ausos
607 879 696 916 fuiffe
709 895 836 929 rogare,
846 885 923 917 vtile
934 882 979 917 est
989 883 1050 916 ob-

207 929 505 966 seruatu.docemur
518 929 608 964 enim
618 941 734 964 eorum
744 931 894 976 exemplo
903 952 912 967 ‚
933 930 953 963 fi
972 931 1051 976 quid

207 977 373 1013 interdum
383 978 417 1012 in
430 977 538 1012 Dei&
553 976 674 1013 christi
686 977 841 1023 operibus
851 988 905 1012 aut
917 978 1025 1013 verbis
1035 979 1053 1014 ὲ

209 1024 297 1060 sensu
309 1024 421 1060 nostro
433 1024 670 1064 abhorret‚n0n
682 1024 899 1061 effelaxandas
907 1026 1052 1061 nobisha

210 1073 310 1108 benas
321 1085 354 1108 vt
363 1073 510 1110 audaeter
521 1073 762 1122 obstrepamus:
774 1074 825 1110 sed
838 1074 982 1109 modeste
992 1088 1053 1122 po-

212 1123 276 1156 tius
287 1122 440 1157 silendum
464 1145 476 1161 ‚
502 1121 609 1158 donec
619 1123 709 1169 quod
721 1123 818 1157 nobis
826 1122 1051 1158 absconditum

214 1170 289 1209 est,e
299 1172 375 1205 caelo
387 1170 526 1216 patefiat.
537 1171 642 1205 Huius
651 1171 750 1218 porri>
761 1171 926 1208 modestiae
935 1168 1048 1208 funda-

215 1230 361 1254 mentum
373 1219 418 1253 est
427 1219 494 1254 Dei
504 1218 649 1258 timon&
656 1219 979 1255 Christi‘reuerentia.

252 1269 291 1301 28
328 1268 462 1313 Reliquit
475 1280 539 1315 ergo
547 1268 718 1315 hydriam.)
727 1269 804 1302 Hoc
815 1269 853 1303 ad
867 1269 1050 1315 exprimen-

217 1314 296 1349 dum
306 1314 398 1357 studii
409 1317 557 1351 ardorem
567 1326 672 1350 narrat
688 1315 902 1364 Euangelista.
911 1330 986 1352 nam
1003 1315 1052 1351 fe-

217 1362 401 1398 stinationis
414 1364 536 1411 iignum
547 1363 592 1399 est
602 1364 690 1411 qued
700 1365 809 1399 relieta
819 1365 932 1412 hydria
950 1366 984 1399 in
1001 1377 1053 1399 vr-

216 1409 294 1446 bem
305 1412 430 1447 redit.A
436 1425 513 1459 tque
522 1412 587 1447 haec
596 1412 672 1448 fidei
682 1424 790 1447 natura
799 1412 843 1448 est
851 1435 863 1452 ‚
871 1424 906 1449 vt
916 1413 989 1448 faeti
1002 1413 1053 1448 vi-

217 1470 256 1494 tae
266 1471 386 1496 aeternae
396 1461 660 1507 compotes‚alios
670 1460 704 1495 in
716 1460 901 1496 societatem
919 1461 1053 1509 collige-

217 1519 251 1542 re
263 1518 484 1553 optemusmec
494 1509 598 1555 potest
609 1508 728 1554 sepulta
737 1512 768 1544 δι
778 1508 881 1543 otiosa
898 1509 932 1543 in
943 1510 1052 1544 cordi-

218 1555 389 1591 busiacere
400 1557 466 1592 Dei
475 1557 622 1604 cognitio
632 1556 710 1604 quin
726 1555 758 1592 se
788 1557 871 1603 apud
900 1557 1052 1592 homines

58 1604 131 1642 rsal.
150 1611 200 1636 116.
217 1601 456 1649 proferat.lllud
467 1605 556 1639 enim
568 1616 683 1638 verum
692 1603 904 1651 effe'oportee
914 1605 1051 1640 Credidi

60 1655 114 1674 3-1.

216 1662 387 1698 propterea
395 1652 518 1700 loquar.
557 1650 675 1698 quue
683 1652 787 1700 magis
796 1652 945 1690 notandae
955 1652 1052 1687 nobis

215 1699 287 1734 sunt
299 1699 500 1735 vehementia
520 1702 552 1735 δε
570 1699 713 1737 alacritas
731 1700 875 1735 mulieris
890 1701 981 1748 quod
999 1714 1052 1736 eas

216 1747 327 1795 exigua
337 1747 461 1784 tantum
472 1748 549 1783 fidei
559 1744 693 1783 scintilla
703 1748 865 1784 accendit:
875 1750 1006 1785 vixdum
1016 1762 1050 1784 e-
1067 1764 1071 1766 ’

216 1796 286 1830 nim
296 1796 462 1832 Christum
471 1796 648 1845 gustauerat
657 1820 668 1834 ‚
677 1796 755 1832 dum
764 1797 798 1830 in
810 1807 877 1832 tota
885 1797 965 1832 vrbe
974 1811 1049 1832 eum

215 1843 368 1879 celebrat.
385 1846 475 1894 Ergo
487 1845 545 1893 qui
555 1843 618 1880 iam
631 1844 813 1880 mediocres
821 1845 856 1880 in
866 1846 934 1881 eius
943 1845 1051 1881 schola

214 1894 395 1939 progr-'effus
405 1892 564 1932 fecerunt,
574 1893 638 1926 illis
655 1890 820 1939 plusquam
829 1903 920 1940 turpe
933 1894 994 1929 e-rit
1003 1894 1052 1941 pi-

215 1940 369 1988 grescere.
394 1941 455 1976 Sed
464 1941 590 1975 videtur
600 1939 666 1974 hoc
683 1941 792 1985 potius
801 1940 1051 1988 reprehensione

216 1988 351 2035 dignum
360 2011 371 2027 ‚
384 1987 472 2034 quod
482 1986 586 2022 adhuc
594 1986 683 2020 rudis
692 1991 725 2022 &
746 1987 853 2022 minus
862 1987 962 2024 solide
972 1990 1049 2025 edo-

217 2037 268 2071 &a
276 2035 353 2070 fidei
363 2035 419 2069 suae
430 2035 549 2070 limites
557 2033 703 2068 transilit.
724 2028 1051 2080 Respondeosincon-

217 2083 349 2119 fiderat&
357 2080 446 2119 fuiffe
454 2084 594 2118 aRuram
603 2081 625 2116 fi
635 2082 773 2117 docendi
784 2082 842 2116 fibi
850 2092 956 2129 partes
965 2083 1051 2118 sum-

216 2131 421 2179 pfiss‘ettnunc
434 2131 513 2167 vero
524 2143 622 2178 quum
633 2129 714 2165 nihil
723 2132 821 2178 quim
832 2131 969 2167 excitare
977 2132 1051 2167 suos

217 2180 304 2214 ciues
314 2180 420 2227 cupiat
429 2192 462 2214 vt
474 2179 640 2214 Christum
649 2179 838 2226 loquentem
847 2180 976 2215 audiant
985 2203 995 2218 ,
1005 2182 1050 2214 ηὸ

217 2229 363 2263 dicemus
372 2227 416 2263 sui
427 2228 563 2262 oblitam
579 2226 710 2275 longius
727 2238 937 2274 prorumpere
953 2227 1051 2276 quam

216 2276 351 2312 decebat
362 2290 370 2311 ε
384 2276 488 2311 solum
504 2275 587 2311 tubae
595 2276 646 2309 vel
655 2287 812 2322 campanae
821 2274 933 2312 officio
941 2273 1051 2325 fungi-

215 2334 266 2359 tur
275 2335 310 2358 vt
319 2324 358 2358 ad
370 2323 538 2359 Christum
548 2323 679 2358 inuitet.
1016 2360 1020 2361 ⁷

249 2384 289 2416 29
325 2371 436 2407 Videte
445 2373 598 2407 hominem.
608 2375 622 2412 )
649 2370 737 2419 Qia
747 2369 930 2406 dubitanter
939 2369 991 2405 hic
999 2371 1052 2405 lo-

213 2421 409 2469 quitur‚vide
428 2421 438 2454 i
448 2421 547 2468 poffet
555 2419 679 2455 Christi
688 2418 881 2454 authoritate
898 2430 965 2453 non
981 2420 1050 2453 val-

214 2466 353 2504 defuisse
365 2427 522 2515 perimota.
539 2466 749 2514 Respondeo‚
764 2466 839 2513 quia
849 2466 887 2501 ad
898 2464 1049 2501 differen-

214 2518 291 2552 dum
302 2517 341 2552 de
351 2505 445 2560 tantis
455 2517 597 2564 mysteris
607 2516 724 2550 idonea
741 2527 810 2548 non
820 2525 886 2553 erat
901 2537 912 2553 ‚
923 2526 982 2562 pro
992 2513 1048 2549 suo

214 2566 351 2601 modulo
362 2562 581 2615 eain¹satagere
589 2574 624 2599 vt
633 2564 718 2599 ciues
726 2561 771 2605 sui
780 2562 798 2598 ὲ
806 2562 940 2598 Christo
951 2565 982 2600 se
991 2563 1049 2598 do-

214 2614 278 2648 ceri
287 2611 444 2648 sustinean
469 2617 573 2649 Porro
582 2612 635 2646 hic
641 2612 682 2647 ad
691 2624 749 2646 eos
757 2611 943 2646 excitandos
959 2612 1050 2658 opti-

214 2675 285 2699 mus
295 2672 362 2696 erat
369 2661 463 2696 stimu
501 2675 516 2696 s
532 2684 543 2700 ‚
567 2673 668 2708 quum
678 2672 715 2694 ex
727 2659 821 2706 signo
832 2671 900 2693 non
909 2658 1048 2697 obscuro

213 2723 319 2758 neque
346 2710 501 2756 ambiguo
512 2709 715 2754 *Prophetam
725 2706 785 2742 effe
803 2706 1047 2754 cognoscerent.

214 2772 289 2793 nam
300 2757 373 2804 quia
384 2770 421 2792 ex
430 2757 576 2793 do&riha
586 2755 689 2792 facere
699 2754 855 2790 iudicium
873 2767 941 2790 non
951 2765 1049 2803 pote·

212 2817 295 2845 rant,
307 2806 391 2842 vtilis
400 2803 536 2852 aptasque
548 2803 689 2840 illis-erat
698 2803 764 2837 haec
774 2799 911 2838 inferior
929 2814 1048 2851 praepa-

213 2855 307 2890 ratio,
327 2855 418 2888 Dum
431 2854 538 2899 itaque
549 2864 598 2887 res
607 2852 750 2888 occultas
759 2850 888 2886 mulieri
956 2849 1048 2886 ruisse

215 2902 438 2941 audiunt‚hinc
448 2901 609 2948 colligunt
619 2899 679 2935 effe
687 2899 755 2934 Dei
765 2898 892 2945 Prophe
958 2897 968 2934 ’.
978 2912 1047 2948 quo

215 2951 392 2987 constituto
403 2950 568 2985 attendere
586 2949 625 2982 ad
646 2948 714 2982 eius
747 2945 930 2984 doctrinam
965 2948 1050 2983 inci-.

214 2998 502 3046 piunt.quanquam
513 2997 627 3032 mulier
636 2995 718 3030 vltra}
735 2997 961 3041 progreditur:
972 3009 1047 3031 nam

215 3046 415 3083 considerare
424 3059 481 3082 eos
489 3045 578 3081 iubet
588 3042 733 3091 nunquid
743 3041 780 3077 {it
791 3043 928 3080 Mellias:
940 3043 1004 3079 hoc
1013 3057 1047 3078 v-

217 3104 262 3126 no
272 3093 390 3140 scilicet
399 3105 552 3130 contenta
561 3116 572 3132 ‚
597 3091 620 3126 si
635 3090 725 3138 quod
735 3089 798 3125 iam
808 3091 842 3126 in
852 3092 986 3128 Christo
995 3092 1048 3126 in-

217 3143 407 3182 uenerat‚illi
416 3142 471 3178 suo
482 3139 617 3188 impulsu
627 3148 777 3188 quaerant.
805 3138 994 3176 inuenturos
1011 3153 1046 3175 e-

216 3187 285 3223 nim
304 3189 420 3226 sciebat
437 3192 507 3239 plus
524 3189 619 3238 quiin]
639 3185 856 3234 promitteret.
903 3188 967 3223 Sed
991 3200 1047 3222 cur

215 3237 369 3272 mentitur
376 3240 488 3275 Omnia
497 3237 663 3274 Christum
677 3233 735 3269 fibi
746 3233 867 3271 dixiffe?
876 3239 944 3271 Iam
955 3236 1025 3282 priu
1032 3248 1046 3270 s

213 3283 367 3318 admonui
386 3308 398 3325 ‚
423 3300 490 3322 non
500 3287 540 3322 de
557 3297 618 3320 vna
633 3281 826 3319 scortatione
836 3283 879 3319 fui
883 3285 924 3320 ffe
934 3296 1046 3331 repre-

214 3329 344 3365 hensam
354 3333 372 3367 a
380 3335 510 3370 Christo
521 3357 532 3373 ‚
544 3327 596 3370 sed
606 3331 712 3380 paucis
719 3329 827 3367 verbis
859 3333 987 3367 obieeta
997 3331 1044 3365 illi

216 3377 306 3413 fuisse
316 3379 402 3423 plura
413 3383 511 3418 totius
519 3383 592 3417 vitoe
609 3389 747 3426 peccata.
766 3390 870 3427 neque
880 3381 966 3416 enim
982 3377 1045 3411 fin-

215 3427 305 3475 gulas
313 3427 482 3464 sententias
489 3427 690 3477 Euangelista
699 3427 855 3463 recensuit
867 3443 875 3464 z
886 3429 938 3464 sed
958 3424 1045 3460 sum-

216 3475 330 3513 matim
344 3476 679 3517 docuit,Christum,vt
687 3474 831 3513 mulieris
841 3477 1043 3514 dicacitatem

1106 243 1325 303 compesceret
1335 281 1346 294 ,
1371 256 1566 303 superiorem
1575 269 1609 291 ac
1619 255 1803 303 praesentem
1813 257 1880 293 eius
1889 263 1940 296 vi-

1104 314 1170 339 tam
1205 305 1240 338 in
1268 305 1411 340 medium
1448 304 1619 350 protulisse.
1650 308 1775 339 Interea
1791 306 1940 340 videmus

1102 352 1264 388 accensam
1274 353 1331 400 pio
1340 354 1410 387 zelo
1419 353 1588 387 mulierem
1599 376 1609 392 ‚
1623 351 1682 386 fibi
1702 352 1828 401 suaequae
1836 353 1941 388 existi-

1102 401 1240 438 marioni
1255 402 1390 436 minime
1411 412 1539 447 parcere
1548 424 1559 439 ‚
1583 413 1617 435 vt
1628 401 1749 435 Christi
1770 414 1890 437 nomen
1901 402 1941 435 il-

1102 448 1222 484 lustret.
1260 463 1334 486 nam
1358 449 1530 493 recitandis
1555 448 1615 483 suis
1638 449 1767 495 probris
1794 463 1864 485 non
1883 450 1940 484 ab-

1101 497 1208 533 stinet.

1135 557 1168 591 32
1206 549 1267 594 Ego
1278 545 1376 581 cibum
1384 545 1510 585 habeo.)
1547 545 1672 580 Mirum
1690 556 1744 578 cur
1761 543 1852 579 fessus
1863 544 1940 580 &e-

1102 592 1222 628 suriens
1232 595 1340 629 cibum
1351 595 1557 630 recuset.nam
1567 593 1587 627 fi
1600 593 1670 641 quis
1679 591 1742 626 hoc
1753 589 1854 626 facere
1865 605 1939 628 eum

1103 641 1186 677 dicat
1196 653 1228 678 vt
1241 642 1296 677 suo
1309 645 1455 690 exemplo
1468 656 1528 678 nos
1538 642 1658 676 erudiat
1676 642 1718 674 ad
1740 641 1940 676 tolerandam

1102 690 1256 730 inediam,
1266 704 1322 726 cur
1337 703 1404 725 non
1414 691 1513 738 igitur
1522 689 1679 739 perpetuo
1692 686 1790 723 fecit?
1801 688 1861 723 Sed
1873 690 1938 722 alif)

1100 738 1253 774 tendebat
1277 740 1345 774 eius
1363 739 1532 775 confilium
1559 740 1656 786 quam
1675 749 1709 771 vt
1725 736 1936 782 respuendum

1101 785 1157 819 sim
1162 787 1290 832 pliciter
1300 785 1478 822 efl‘e'cibum
1490 786 1783 822 diceret.Tene-nda
1793 784 1837 820 est
1847 785 1936 819 enim

1100 833 1323 869 circunstantia
1331 835 1395 871 haec
1406 858 1416 874 ,
1444 835 1532 882 qubd
1543 848 1616 870 eum
1629 834 1668 868 sic
1679 844 1769 881 vrget
1779 832 1938 879 praesentis

1100 893 1141 914 ne
1166 882 1224 924 otij
1236 880 1495 930 &natorumque
1506 883 1573 917 eius
1581 882 1724 917 animum
1735 893 1890 927 occupat,
1900 891 1937 918 vt

1101 892 1211 972 ciffi]
1223 931 1389 977 negligere
1401 931 1447 964 illi
1459 931 1630 966 molestum
1643 942 1708 963 non
1720 929 1766 964 fit.
1777 940 1937 977 nequeta*

1102 989 1175 1011 men
1188 976 1227 1012 lic
1239 977 1399 1013 intentum
1411 977 1472 1013 effe
1491 979 1662 1024 profitetur
1679 978 1720 1012 ad
1752 977 1936 1024 exequenda

1102 1025 1202 1059 Patris
1212 1026 1356 1060 mandata
1368 1037 1401 1060 vt
1411 1039 1516 1073 neque
1526 1027 1596 1061 edat
1605 1037 1709 1071 neque
1719 1024 1810 1058 bibat
1828 1040 1837 1059 :
1866 1037 1937 1060 tan-

1100 1071 1170 1108 tum
1182 1074 1261 1120 quid
1271 1073 1329 1108 fibi
1340 1074 1426 1120 prius
1436 1074 1472 1109 fit
1483 1076 1533 1111 vel
1546 1073 1702 1121 posterius
1722 1071 1873 1110 ostendit.
1893 1084 1938 1117 atq

1101 1133 1163 1168 que
1175 1122 1215 1156 ita
1227 1119 1282 1157 suo
1296 1124 1446 1169 exemplo
1459 1124 1554 1158 docet
1571 1145 1582 1161 ‚
1606 1134 1742 1168 regnum
1753 1121 1818 1154 Dei
1830 1122 1937 1156 omni-

1102 1168 1162 1204 bus
1178 1171 1326 1216 corporis
1335 1171 1522 1207 commodis
1532 1170 1592 1205 effe
1601 1168 1843 1216 praeferendum.
1852 1169 1940 1203 Ede·
1978 1197 1986 1204 .

1100 1230 1134 1253 re
1145 1218 1276 1266 quidem
1285 1222 1316 1254 &
1327 1218 1440 1254 bibere
1449 1218 1547 1253 nobis
1556 1221 1647 1254 Deus
1659 1217 1838 1263 permittit,
1865 1230 1941 1251 mo÷

1101 1267 1145 1301 de>
1160 1278 1201 1300 ne
1212 1266 1251 1301 ab
1263 1279 1303 1301 eo
1314 1269 1402 1314 quod
1420 1268 1613 1314 praecipuum
1640 1266 1684 1301 est
1710 1264 1938 1301 abstrahamur:

1101 1314 1164 1349 hoc
1177 1314 1270 1357 est‚vt
1284 1314 1340 1350 suae
1350 1315 1482 1364 quisque
1494 1315 1659 1351 vocationi
1676 1314 1800 1348 strum.
1840 1314 1940 1348 Dicet

1125 1360 1256 1409 uispiam
1267 1363 1336 1398 fieri
1346 1365 1440 1398 aliter
1451 1377 1517 1398 non
1529 1362 1615 1410 pofl'e
1633 1365 1711 1410 quin
1731 1373 1941 1396 auocamenta

1101 1375 1162 1445 sint
1172 1410 1260 1446 cibus
1269 1416 1300 1447 δι
1310 1423 1407 1458 potus
1417 1435 1426 1450 ‚
1442 1424 1508 1459 quae
1522 1412 1644 1458 aliquid
1653 1410 1811 1456 temporis
1822 1411 1940 1445 melio-

1100 1458 1190 1493 ribus
1201 1459 1314 1496 studiis
1322 1460 1513 1495 abstrahant.
1540 1461 1582 1494 Et
1592 1459 1655 1494 hoc
1675 1460 1806 1505 quidem
1816 1470 1940 1497 verum,

1101 1505 1212 1541 fateor:
1224 1507 1273 1542 scd
1286 1509 1358 1554 quia
1369 1509 1536 1543 Dominus
1546 1521 1604 1554 pro
1613 1508 1660 1540 sua
1669 1506 1867 1553 indulgentia
1878 1518 1940 1539 no-

1100 1555 1150 1588 bis
1161 1557 1310 1590 concedit
1320 1567 1353 1590 vt
1363 1569 1489 1591 carnem
1509 1556 1648 1590 nostram
1671 1567 1813 1588 curemus
1824 1556 1944 1601 quamsi

1099 1601 1236 1648 postulat
1246 1602 1490 1643 necesfitas‚non
1499 1603 1613 1638 definit
1624 1604 1678 1650 qui
1696 1605 1786 1648 parce
1796 1609 1826 1637 ὃ(
1838 1601 1942 1638 sobrie

1100 1649 1245 1685 fouendo
1259 1653 1388 1697 corpori
1400 1653 1454 1686 dat
1466 1653 1679 1698 operam‚Dei
1690 1649 1878 1697 obsequium
1891 1650 1941 1684 in·-

1100 1710 1186 1732 terea
1198 1697 1342 1744 praeferre
1352 1711 1385 1734 vt
1396 1701 1501 1735 decet.
1514 1703 1707 1747 Quanquam
1720 1698 1809 1732 simul
1823 1712 1876 1733 cau
1882 1711 1940 1734 en-

1100 1747 1175 1781 dum
1188 1760 1228 1782 ne
1237 1748 1279 1782 ita
1288 1748 1406 1784 addieti
1418 1748 1513 1783 fimus
1524 1749 1614 1782 horis
1623 1747 1741 1782 nostris
1751 1747 1829 1796 quin
1842 1745 1941 1793 parati

1100 1794 1196 1829 fimus
1210 1795 1286 1830 cibo
1298 1809 1358 1831 nos
1367 1794 1578 1835 fraudare,vbi
1588 1794 1750 1844 proposita
1768 1796 1872 1842 aliqua
1881 1807 1940 1829 oc-

1101 1842 1227 1878 cafione
1237 1844 1321 1890 quafi
1331 1843 1515 1890 praesentem
1525 1844 1640 1879 horam
1650 1843 1750 1878 nobis
1760 1844 1852 1878 Deus
1861 1854 1937 1877 con-

1100 1891 1191 1926 dicit.
1203 1892 1296 1926 Talis
1304 1892 1529 1938 opportunitas
1539 1904 1638 1938 quum
1651 1880 1777 1925 nunssin
1789 1890 1938 1930 manibus
1970 1933 1977 1939 χ

1101 1938 1233 1974 Christo
1244 1937 1316 1974 ess'et
1327 1963 1338 1979 ‚
1348 1952 1416 1987 quae
1434 1938 1564 1975 effluere
1575 1949 1717 1985 poterat,
1745 1950 1814 1972 eam
1829 1937 1938 1972 obuiis

1100 1987 1185 2021 vlnis
1193 1988 1395 2033 ampieffitur
1405 1992 1436 2022 δι
1445 1988 1572 2021 retinet.
1597 1987 1682 2029 Qia
1693 1985 1790 2031 igitur
1799 1985 1936 2030 negotist

1101 2034 1118 2068 ὲ
1127 2037 1218 2068 Patre
1227 2035 1408 2070 iniunc'tum
1419 2034 1459 2069 fic
1470 2045 1561 2080 vrget
1575 2043 1609 2068 vt
1617 2034 1676 2068 alia
1685 2032 1796 2066 omnia
1806 2031 1938 2066 omitte·

1100 2093 1134 2114 re
1149 2081 1269 2116 necesse
1278 2081 1436 2121 fit,cibum
1447 2080 1636 2126 posthabere
1654 2092 1721 2113 non
1736 2079 1871 2113 dubitat.
1894 2079 1937 2113 Et

1102 2128 1186 2162 certe
1203 2128 1373 2169 absurdum
1391 2126 1494 2165 fuiffet
1513 2129 1682 2164 mulierem
1700 2127 1809 2161 relicta
1829 2127 1936 2171 hydria

1101 2176 1139 2211 ad
1156 2177 1336 2214 vocandum
1351 2178 1506 2225 populum
1524 2189 1648 2212 currere
1659 2198 1668 2213 ‚
1680 2175 1713 2208 in
1724 2174 1856 2210 Christo
1876 2175 1936 2208 mi-

1100 2236 1160 2258 nus
1176 2225 1262 2259 cerni
1281 2225 1415 2261 ardoris.
1441 2225 1599 2272 Denique
1611 2225 1630 2258 li
1642 2222 1738 2257 nobis
1755 2222 1936 2270 propositus

1100 2271 1154 2306 hic
1166 2272 1226 2307 erit
1243 2272 1354 2320 scopus
1365 2285 1454 2311 ‚non
1472 2273 1605 2319 perdere
1620 2272 1664 2305 ob
1683 2271 1781 2305 vitam
1803 2269 1936 2305 viuendi

1101 2317 1216 2354 caussas
1225 2343 1236 2359 ‚
1246 2333 1314 2354 non
1332 2319 1463 2355 difficile
1475 2321 1535 2355 erit
1554 2320 1716 2365 optimum
1736 2318 1869 2352 modum
1886 2325 1917 2351 te
1925 2337 1935 2342 —

1100 2378 1188 2400 nere.
1228 2369 1259 2402 ui
1269 2369 1355 2403 enim
1366 2367 1565 2414 propositum
1574 2368 1659 2402 hunc
1677 2365 1808 2401 habebit
1818 2367 1887 2401 vitae
1896 2365 1940 2400 fi·-

1100 2426 1176 2448 nem
1185 2426 1220 2449 vt
1229 2416 1382 2451 Domino
1392 2415 1524 2454 seruiat,
1537 2417 1554 2450 a
1564 2429 1631 2464 quo
1649 2428 1690 2450 ne
1710 2413 1851 2460 praesenri
1863 2413 1936 2460 qui-

1100 2462 1174 2496 dem
1187 2465 1303 2498 mortis
1313 2464 1459 2511 periculo
1469 2462 1511 2499 fas
1521 2463 1556 2498 fit
1567 2477 1626 2498 nos
1638 2463 1764 2498 abduci:
1776 2462 1839 2497 hoc
1851 2462 1936 2496 certe

1099 2511 1199 2555 pluris
1208 2513 1304 2558 quam
1315 2513 1423 2547 cibum
1435 2516 1466 2547 δι
1489 2523 1604 2560 potum
1621 2510 1725 2546 faciet.
1744 2510 1935 2555 Metaphora

1100 2557 1207 2594 cibi&
1217 2571 1312 2605 potus
1323 2572 1364 2594 eo
1375 2560 1481 2608 gratiae
1493 2560 1562 2606 plus
1572 2559 1667 2594 habet
1678 2559 1764 2606 quod
1773 2555 1936 2603 tempesti·

1101 2606 1139 2640 ue
1150 2619 1187 2640 ex
1197 2607 1338 2654 praeienti
1349 2607 1496 2643 sermone
1505 2608 1599 2643 dueta
1610 2606 1665 2641 est.

1131 2665 1172 2700 34
1208 2655 1297 2692 Cibus
1306 2668 1388 2693 mcus
1406 2654 1652 2703 est.)Significat
1669 2665 1736 2687 non
1759 2650 1861 2687 modo
1871 2650 1935 2703 hoc

1099 2700 1158 2736 fibi
1171 2701 1230 2736 esse
1243 2701 1564 2750 antiquisfimu1n‚sed
1575 2701 1656 2736 nihil
1668 2698 1727 2735 effe
1747 2712 1811 2745 quo
1831 2710 1934 2744 magis

1099 2750 1287 2790 deleEietun
1297 2751 1348 2787 vel
1359 2751 1391 2784 in
1402 2763 1468 2798 quo
1479 2750 1631 2784 libentius
1645 2753 1674 2783 δι’
1688 2748 1830 2793 cupidius
1840 2745 1869 2780 se
1880 2758 1933 2779 ex-

1099 2809 1211 2833 erceat.
1248 2798 1532 2845 Qemadmodum
1543 2796 1652 2832 Dauid
1663 2818 1671 2833 ‚
1683 2806 1717 2827 vt
1730 2798 1854 2841 Legem
1867 2793 1932 2828 Dei
1950 2790 2019 2825 ΡΜ·
2029 2788 2091 2824 ἱθ-εξ

1099 2847 1306 2881 commendet
1321 2868 1332 2884 ‚
1351 2857 1418 2881 non
1437 2845 1559 2879 tantum
1577 2842 1746 2888 pretiosam
1767 2842 1825 2878 fibi
1845 2840 1934 2875 fuisse
1950 2838 1980 2858 ¹¹·

1098 2894 1175 2928 dicit
1194 2916 1204 2931 ‚
1223 2893 1274 2928 sed
1297 2894 1394 2927 melle
1414 2904 1544 2938 quoque
1563 2892 1754 2924 dulciorem.
1792 2890 1883 2937 Ergo
1901 2901 1936 2923 Vt

1098 2940 1262 2976 Christum
1281 2940 1465 2988 sequamur,
1485 2951 1552 2973 non
1572 2938 1696 2972 tantum
1708 2938 1847 2973 studiose
1874 2950 1936 2973 nos

1097 2989 1280 3034 impendere
1295 2991 1372 3024 Deo
1384 2987 1537 3022 conuenit
1552 3009 1563 3024 ‚
1580 2985 1632 3021 sed
1647 2997 1711 3020 tarn
1739 2985 1799 3020 effe
1818 2986 1935 3021 volun-

1096 3037 1195 3071 tarios
1205 3037 1242 3072 ad
1250 3035 1426 3083 peragenda
1437 3035 1504 3069 eius
1522 3035 1670 3070 mandata
1686 3045 1719 3068 vt
1740 3033 1875 3069 minime
1898 3032 1935 3067 lit

1097 3085 1248 3120 molestus
1264 3095 1316 3118 aut
1333 3083 1440 3131 grauis
1461 3083 1564 3118 labor.
1605 3083 1709 3116 Porro
1729 3094 1828 3129 quum
1845 3082 1933 3116 addit

1096 3130 1205 3168 Christ
1214 3145 1249 3166 us
1261 3154 1271 3170 ‚
1287 3131 1490 3180 Viperficiam
1509 3134 1570 3164 eius
1586 3131 1770 3165 voluntatem
1779 3153 1789 3170 ‚
1800 3129 1870 3164 satis
1881 3140 1934 3161 ex-

1096 3182 1188 3226 ponit
1198 3192 1340 3227 quaenam
1356 3178 1392 3214 sit
1400 3181 1500 3220 Patris
1511 3179 1660 3213 voluntas
1668 3179 1706 3213 ad
1715 3190 1810 3225 quam
1822 3179 1931 3210 inten-

1094 3246 1143 3268 tus
1154 3239 1347 3274 erattnempe
1355 3239 1388 3262 vt
1398 3227 1577 3262 iniunflmm
1588 3226 1645 3261 sibi
1659 3238 1772 3261 munus
1784 3225 1934 3270 expleret.

1093 3284 1138 3314 lta
1151 3276 1281 3324 singulis
1297 3275 1491 3322 respicienda
1512 3274 1557 3310 est
1576 3274 1626 3309 sua
1645 3274 1774 3309 vocatio
1786 3295 1797 3317 μ
1820 3272 1935 3319 nequis

1093 3324 1360 3369 Deoimpensum
1379 3321 1456 3358 serat
1472 3324 1561 3370 quod
1581 3322 1706 3357 temere
1727 3319 1781 3353 suo
1802 3319 1936 3353 arbitrio

1093 3371 1402 3418 suscepit-Caeterum
1414 3384 1481 3418 quae
1491 3370 1586 3406 fuerit
1597 3368 1717 3405 Christi
1729 3366 1854 3402 funfitio
1866 3366 1938 3402 satis

1092 3434 1207 3457 notum
1217 3420 1468 3466 est‚promouere
1477 3419 1595 3455 scilicet
1605 3418 1670 3452 Dei
1682 3427 1818 3463 regnum
1845 3438 1855 3454 ‚
1869 3416 1942 3449 ani-

1092 3483 1160 3506 mas
1178 3469 1317 3519 perditas
1335 3468 1367 3503 in
1390 3468 1489 3506 vitam
1510 3466 1681 3502 restituere
1700 3486 1710 3504 ‚
1730 3463 1872 3514 spargere
1890 3464 1940 3498 lu-
