2310 3841
247 274 292 300 eol
302 282 378 304 2.e.r4.

248 358 325 379 2.Cor.
337 362 355 386 5.

250 388 275 413 d.
288 396 321 412 ιι.

259 1674 334 1698 Abac.
344 1680 360 1697 t.

262 1707 309 1737 b.5.

388 181 444 220 118
1015 162 1089 211 IN
1133 170 1339 212 ACTA
1396 168 1618 210 APOST.

391 254 426 284 ex
435 249 576 284 omnibus
585 246 762 282 ceremoniis
770 247 856 291 Legis
864 245 921 280 fuit
931 268 941 283 ‚
949 255 1012 288 quae
1022 241 1084 278 non
1093 245 1292 290 obstringeret
1299 245 1454 277 hominem
1464 244 1578 286 peccati
1590 252 1669 275 reatu
1682 264 1691 280 ‚
1702 241 1779 285 quasi
1790 252 1901 274 nouum
1910 239 2086 286 chirograph
2092 240 2118 272 ῦς

391 296 473 329 sicuti
484 296 573 327 docet
582 294 686 326 Paulus
696 294 757 324 2.ad
767 292 947 334 Coloss.cap.
958 289 1043 331 Qid
1053 291 1161 333 igitur?
1174 292 1253 324 certe
1262 290 1357 322 testari
1370 290 1463 320 voluit
1473 292 1555 320 Deus
1563 307 1573 323 ,
1587 289 1670 320 vnica
1679 290 1741 332 Filij
1751 287 1789 319 sui
1801 298 1898 319 morte
1909 287 2052 331 iustificari
2063 288 2120 319 ho-

393 342 487 373 mines
497 361 507 375 ,
517 341 582 381 quia
592 338 682 381 ipsum
691 338 740 380 qui
751 348 907 381 peccatum
919 347 980 367 non
991 342 1115 368 nouerat
1125 357 1134 370 ,
1145 347 1198 377 pro
1209 336 1298 367 nobis
1307 342 1460 377 peccatum
1469 332 1561 370 fecit,
1571 344 1602 365 vt
1614 335 1643 363 in
1654 344 1691 364 eo
1703 334 1790 364 nobis
1800 330 1868 364 esset
1880 330 2120 367 iustitia.2.Cor.5⁵.

392 383 477 416 Vnde
488 383 616 425 sequitur
624 404 634 419 ,
643 383 784 425 quicquid
792 382 1018 414 satisfaCtionum
1028 382 1191 413 commenti
1203 380 1265 411 sunt
1277 380 1425 412 homines,
1436 382 1471 410 ad
1479 377 1662 420 spoliandum
1673 378 1788 408 honore
1797 378 1847 408 suo
1857 377 2006 409 Christum
2017 373 2121 410 t'ende-

392 441 435 462 re.
469 439 504 458 m
531 440 565 459 ιε
574 439 615 460 σε
627 449 638 465 ,
651 431 681 460 δι
704 438 716 458 1
725 440 742 458 n
766 439 782 459 c
794 437 918 459 urusro
928 426 1102 458 tantundem
1111 426 1210 457 valent
1222 434 1309 466 atque
1318 434 1369 466 pet
1379 426 1490 466 Legem
1501 445 1511 461 ‚
1525 427 1556 456 &
1567 433 1619 466 per
1640 423 1789 454 Christum
1799 444 1810 458 ,
1828 422 1988 454 secuudum
2007 421 2120 465 phrafin

393 472 581 505 Hebraicam.
900 487 909 491 ›

428 520 475 549 Aa
488 517 655 559 omnibus.)
666 521 730 549 Hac
738 515 879 559 particula
889 514 1031 548 refellitur
1041 514 1165 557 impium
1178 510 1357 554 Papistatum
1376 521 1581 544 commentum
1594 533 1602 547 ‚
1613 521 1673 552 quo
1689 510 1810 542 tradunt
1829 521 1889 542 non
1909 509 1960 541 nifi
1977 506 2124 554 originale

395 571 550 604 peccatum
563 565 592 594 &
605 562 726 594 actualia
738 572 799 604 quae
808 571 875 592 aute
885 560 1062 604 Baptismum
1074 557 1227 590 commissa
1236 556 1298 589 sunt
1307 577 1316 592 ‚
1328 557 1399 599 pure
1410 561 1441 590 &
1450 556 1578 600 gratuito
1590 567 1641 597 per
1652 555 1801 587 Christum
1813 556 1944 590 remitti,
1954 555 2009 587 alia
2018 556 2125 588 redimi

395 605 652 638 satisfastionibus.
683 607 774 649 Atqui
784 606 891 637 Paulus
899 607 973 638 clare
983 603 1245 648 pronuntiantem
1253 603 1318 634 vitae
1328 602 1476 644 progressu
1487 612 1542 632 nos
1559 612 1610 643 per
1628 600 1776 631 Christum
1795 600 1939 633 iustificati
1952 599 1968 632 ὲ
1985 601 2128 643 peccatis-

395 652 570 683 Tenendum
584 651 662 682 enim
674 652 817 684 memoria
827 650 867 682 est
876 673 885 687 ,
896 651 998 682 Iudaeis
1007 649 1163 682 mandatos
1172 645 1253 679 fuisse
1264 651 1350 689 Legis
1359 649 1433 680 ritus
1442 669 1450 682 ,
1460 657 1490 678 vt
1501 656 1560 678 tam
1570 656 1672 677 eorum
1682 644 1794 676 vtilitas
1803 645 1891 686 quam
1909 645 1974 677 vsus
1989 645 2126 688 quotidie

395 696 426 727 in
437 694 563 727 Ecclefia
571 696 698 739 vigeret,
709 697 768 728 hoc
779 696 830 732 est,
840 706 871 727 vt
881 707 912 727 re
922 695 980 738 ipsa
990 694 1127 726 sentirent
1136 691 1223 723 Iudaei
1234 703 1294 723 non
1303 691 1402 724 frustra
1414 691 1519 723 affidue
1528 690 1625 722 iterari
1637 689 1820 731 expiationes
1831 692 1860 721 δι
1870 690 1993 722 lauacra.
2017 692 2127 722 Eorum

394 744 529 771 omnium
542 739 562 771 fi
571 742 677 773 veritas
685 744 717 773 δι
726 741 880 772 substantia
889 741 1033 782 reperitur
1043 739 1071 770 in
1085 737 1198 769 christo
1207 759 1216 774 ‚
1226 736 1430 779 sequitur,non
1440 735 1518 768 aliud
1529 735 1663 766 delendis
1673 735 1803 776 peccatis
1814 732 1869 765 effe
1880 735 2127 777 piaculumquam

396 786 457 816 eius
466 796 602 816 mortem.
624 786 744 828 Alioqui
755 786 831 816 inter
842 785 917 817 hanc
929 789 958 817 &
970 794 1087 817 veteres
1097 783 1205 824 figuras
1213 782 1348 824 analogia
1357 792 1416 812 non
1428 780 1585 813 constaret.
1606 779 1725 821 Papiflae
1741 789 1797 810 nos
1813 780 1849 810 ad
1867 780 2077 820 poenirentiam
2095 783 2129 812 83

395 829 493 861 claues
503 840 642 862 reuocant
653 843 659 861 :
670 830 747 873 quasi
760 830 830 861 νεὼ
839 828 1014 862 ceremonia'e
1023 828 1132 871 legales
1142 837 1201 858 non
1211 825 1319 858 fuerint
1331 824 1503 857 meditandae
1512 824 1698 867 poeniteutiae
1708 824 1843 855 exercitia
1855 834 1860 852 :
1872 823 1950 866 quafi
1959 826 2047 856 etiam
2066 835 2128 856 non

397 874 454 905 illis
464 884 576 906 annexa.
586 873 670 907 fuerit
683 876 808 907 clauium
819 876 953 917 potestat».
977 875 1035 906 Sed
1045 873 1153 904 talibus
1162 872 1345 903 adminiculis
1353 872 1451 903 adiuta
1462 868 1516 901 fuit
1528 870 1643 911 piorum
1653 868 1725 900 fides
1734 888 1742 902 ³
1754 878 1784 900 vt
1799 869 1834 899 ad
1853 871 1969 901 vnicam
1985 868 2131 899 Mediato-

397 920 438 951 ris
448 918 784 963 gratiamconfugerent.
803 922 902 953 Fixum
914 930 986 961 ergo
998 922 1112 950 maneat
1127 916 1279 952 ,iustitiam
1293 926 1349 958 qua
1360 916 1505 954 donamur
1516 915 1544 945 in
1557 913 1670 944 christo
1680 935 1690 950 ‚
1699 924 1760 944 non
1771 915 1856 946 vnius
1864 913 1922 946 diei
1932 912 1988 946 effe
1998 912 2046 947 vel
2066 924 2131 944 mo-

400 962 558 1000 menti,sed
568 975 785 1007 perpetuam,vt
795 964 963 996 sacrificium
975 963 1079 996 mortis
1089 963 1150 993 eius
1158 971 1211 992 nos
1223 961 1359 1003 quotidie
1368 960 1630 991 reconcilietDeo.

433 1019 465 1048 39
499 1011 614 1039 Omns
630 1011 678 1051 qui
688 1009 806 1050 credit.)
827 1009 963 1041 Declarat
972 1008 1080 1040 Paulus
1090 1007 1244 1048 quomodo
1255 1007 1404 1046 potiantur
1413 1004 1552 1036 homines
1563 1002 1672 1034 iustitia
1683 1002 1802 1036 christi:
1813 1014 1920 1045 nempe
1929 1013 2020 1046 quum
2032 1001 2133 1036 fideil.

402 1051 460 1084 lam
472 1054 710 1096 recipiunttquod
719 1065 816 1085 autem
828 1055 964 1095 impetrat
974 1052 1046 1083 fides
1057 1073 1065 1087 ,
1077 1051 1164 1082 nullis
1172 1060 1296 1092 operum
1308 1050 1420 1081 meritis
1429 1048 1645 1090 consequimur.
1667 1048 1768 1084 Quare
1779 1060 1838 1080 non
1851 1049 1990 1091 ambigua
2001 1050 2041 1081 est
2049 1049 2134 1081 Pauli

403 1097 564 1132 sententia,
574 1099 723 1130 Iustificari
734 1109 787 1129 nos
796 1097 851 1129 sola
861 1097 928 1129 fide:
941 1109 1027 1139 quam
1040 1106 1138 1127 tamen
1149 1096 1268 1136 Papistae
1279 1105 1340 1124 non
1353 1095 1450 1125 minus
1458 1093 1604 1124 obstinate
1622 1092 1709 1133 quam
1726 1094 1831 1124 acriter
1847 1103 2031 1134 oppugnant.
2052 1097 2135 1125 Inte-

403 1152 453 1173 rea
462 1142 534 1184 quid
544 1145 636 1174 valeat
650 1155 666 1174 c
675 1143 795 1173 redendi
806 1143 929 1174 verbum
942 1164 951 1178 ,
963 1151 1064 1173 tenere
1075 1140 1229 1173 conuenit,
1238 1140 1319 1180 quod
1327 1139 1449 1180 Papistis
1457 1138 1553 1169 reddit
1564 1135 1722 1178 insipidum
1732 1137 1907 1179 ignorantia.
1929 1139 2001 1169 Sunt
2011 1138 2133 1180 quidem

405 1189 437 1219 &
447 1187 502 1218 alia
511 1187 616 1218 Christi
629 1187 771 1218 beneficia
781 1209 790 1223 ‚
801 1198 862 1229 quae
871 1187 928 1218 fide
938 1186 1127 1229 percipimus.
1147 1195 1214 1215 nam
1225 1185 1331 1225 Spiritu
1341 1181 1390 1214 suo
1403 1193 1456 1214 nos
1465 1183 1813 1225 regenerausgsmaginem
1825 1182 1882 1212 Dei
1893 1183 1921 1212 in
1931 1183 2019 1214 nobis
2030 1183 2135 1215 instau-

404 1241 466 1267 rat,
475 1233 506 1263 8<
518 1241 616 1263 vetere
626 1232 747 1263 homme
758 1232 895 1262 crucifixo
905 1243 959 1262 nos
969 1231 1086 1272 refingit
1097 1231 1126 1261 in
1137 1230 1201 1260 vitae
1215 1230 1389 1260 nouitatem.
1415 1228 1471 1258 Sed
1481 1231 1572 1258 Lucas
1583 1224 1647 1256 satis
1657 1226 1760 1256 habuit
1773 1237 1862 1257 vnum
1880 1227 1938 1258 hoc
1958 1229 2136 1270 exprimere,

403 1276 560 1317 quomodo
571 1277 599 1306 in
610 1287 729 1319 gratiam
740 1287 807 1308 cum
816 1280 883 1308 Deo
893 1278 1013 1310 redeant
1026 1276 1164 1307 homines
1172 1294 1181 1310 ‚
1193 1274 1277 1315 aquo
1288 1273 1406 1305 alienati
1415 1271 1478 1304 sunt
1487 1281 1539 1314 per
1548 1280 1702 1312 peccatum
1713 1292 1723 1306 ‚
1733 1272 1801 1312 quia
1810 1271 1880 1302 inde
1889 1271 1924 1302 ad
1935 1272 2047 1315 reliqua
2061 1270 2135 1304 faci-

401 1320 438 1350 lis
447 1319 486 1351 est
495 1319 639 1352 tranfixus.
1103 1331 1106 1334 ⁴
1813 1353 1816 1357 Δ
2018 1345 2019 1349 ,

437 1376 475 1398 4ο
509 1367 644 1397 Vim-:re
657 1376 693 1398 ne
702 1364 910 1408 superueniat.)
935 1367 1014 1404 Qia
1025 1363 1180 1409 negotium
1191 1359 1233 1393 illi
1243 1369 1304 1394 erat
1314 1369 1380 1394 cum
1391 1358 1550 1403 praefractis
1560 1358 1796 1397 hominibus‚vel
1805 1359 1901 1392 saltem
1914 1360 1999 1393 multi
2010 1355 2039 1393 iu
2048 1359 2136 1395 turba

404 1409 541 1450 permixti
553 1420 634 1442 erant
646 1411 722 1442 durae
731 1412 854 1442 ceruicis
864 1431 873 1445 ,
883 1411 959 1453 quasi
972 1410 1079 1441 malleo
1088 1410 1178 1441 vellet
1188 1418 1291 1439 eorum
1313 1406 1532 1438 contumaciam
1551 1405 1668 1436 mollire
1678 1426 1688 1440 ‚
1698 1405 1836 1443 doctrina
1854 1407 1932 1437 addit
1947 1407 2136 1450 obiurgatio-

406 1463 486 1486 nem.
497 1465 563 1484 nam
573 1455 592 1487 fi
607 1456 788 1498 morigeri&
798 1457 832 1487 ad
844 1455 1004 1498 parendum
1015 1454 1116 1486 faciles
1127 1451 1242 1485 fuiffent
1252 1451 1478 1488 ludaei,suauiter
1489 1449 1697 1492 proculdubio
1708 1460 1832 1482 conatus
1839 1448 1936 1482 fuisset
1946 1462 1998 1482 eos
2008 1453 2044 1483 ad
2056 1452 2138 1484 chria

408 1497 482 1529 stum
492 1498 620 1530 allicere.
645 1502 702 1531 Sed
715 1511 781 1532 euni
792 1523 801 1537 ,
810 1501 859 1534 vel
868 1511 970 1542 torpor
981 1500 1027 1531 vel
1036 1499 1202 1541 peruicacia
1215 1496 1332 1528 illorum
1351 1496 1450 1537 coegit
1469 1506 1500 1527 vt
1518 1495 1725 1526 vehementius
1743 1495 1975 1528 excandesceret.
1998 1495 2079 1528 ficati
2100 1497 2138 1529 ad

405 1545 465 1573 Dei
475 1544 602 1576 tribunal
614 1544 704 1576 circ'ndi
715 1545 779 1577 sunt
789 1545 1015 1587 omnes‚quibus
1026 1545 1119 1587 gratia
1137 1541 1243 1574 Christi
1254 1540 1407 1581 conreptui
1419 1539 1561 1581 &mque
1571 1538 1713 1571 horribile
1725 1541 1829 1571 mortis
1839 1551 1948 1572 atternae
1958 1540 2068 1573 iudicii]
2079 1541 2140 1573 illis

405 1587 640 1620 denuntiandum
652 1590 809 1621 estAdhuc
819 1590 940 1632 quidem
949 1591 1049 1620 locum
1059 1587 1199 1631 fignificat
1209 1584 1266 1616 effe
1276 1584 1564 1627 poenitentiae‚quum
1574 1582 1611 1613 ad
1620 1584 1784 1615 cauendum
1795 1585 2027 1617 hortatum-simul
2036 1595 2137 1618 tamen

405 1632 611 1668 admonet,nisi
625 1634 736 1665 mature
751 1644 946 1669 caueantmon
957 1632 1060 1674 procul
1071 1630 1167 1664 abesse
1179 1629 1351 1661 hoiribilern
1363 1628 1419 1658 Dei
1431 1627 1601 1660 vindfiam.

441 1677 540 1717 Qoo
553 1677 663 1708 dietum
674 1677 753 1709 estin
764 1679 948 1720 Prophetis.)
972 1681 1067 1708 Locus
1075 1678 1125 1719 qui
1137 1678 1241 1707 citatur
1253 1697 1260 1709 ‚
1270 1685 1303 1705 ex
1314 1674 1410 1715 primo
1419 1673 1516 1713 capite
1527 1673 1642 1703 Abacuc
1650 1669 1780 1712 sumptus
1793 1672 1841 1703 est.
1877 1671 1923 1704 sed
1933 1674 2001 1714 quia
2010 1675 2140 1717 prophe·

403 1719 450 1752 tiae
458 1732 564 1752 omnes
574 1722 602 1752 in
612 1733 701 1754 vnum
713 1734 819 1764 corpus
829 1733 878 1754 aut
889 1723 1029 1753 volumen
1041 1720 1171 1752 colleChe
1185 1728 1265 1750 erant
1274 1739 1283 1754 ,
1294 1718 1402 1749 Paulus
1411 1717 1482 1747 dicit
1494 1729 1503 1746 ι
1513 1728 1528 1746 n
1544 1727 1715 1746 pnonnnrt
1725 1727 1737 1744 s
1752 1715 1890 1758 scriptum
1904 1717 1971 1749 elie.

436 1776 469 1802 4x
504 1769 609 1807 Neque
619 1767 655 1797 ad
668 1768 790 1798 verbum
802 1769 905 1798 recitat
915 1767 1006 1797 verba
1018 1766 1140 1796 Abacuc
1152 1785 1160 1798 ,
1171 1774 1232 1803 quae
1242 1761 1277 1793 slc
1287 1761 1399 1792 habent
1408 1782 1416 1796 ,
1427 1760 1557 1802 Aspicite
1567 1760 1595 1790 in
1606 1760 1756 1790 Gentibus
1765 1782 1774 1795 ,
1786 1764 1816 1792 ὃ(
1834 1762 1932 1792 videte
1941 1781 1950 1795 ,
1961 1764 1993 1794 δε
2013 1761 2142 1794 admiraa

405 1811 498 1844 mini,
511 1813 542 1842 δι
554 1810 746 1851 obstupescite
757 1822 765 1840 .-
776 1812 844 1851 quia
855 1820 929 1851 opus
939 1809 989 1840 fiet
1001 1809 1028 1839 in
1039 1809 1144 1840 diebus
1154 1807 1256 1838 vestris
1264 1825 1272 1839 ‚
1284 1805 1365 1847 quod
1375 1815 1465 1836 nemo
1474 1803 1573 1835 credet
1585 1814 1676 1845 quum
1686 1805 1860 1836 narrabitur.
1883 1806 1990 1837 Paulus
2000 1806 2092 1843 dicit,
2104 1819 2138 1840 vx

406 1865 426 1885 n
434 1865 472 1884 ar
480 1865 494 1884 ε
507 1863 746 1895 contemptores:
759 1864 788 1885 vt
799 1853 887 1885 sciant
896 1853 983 1885 ludaei
994 1851 1155 1885 vindictam
1165 1861 1227 1893 quae
1236 1849 1322 1881 semel
1334 1859 1436 1880 eorum
1450 1849 1582 1891 patribus
1591 1847 1700 1880 inflffia
1710 1847 1768 1881 fuit
1778 1870 1788 1885 ,
1798 1851 2059 1893 contemptoribus
2067 1855 2143 1891 Ver(-

404 1897 435 1928 bi
448 1908 638 1929 cornmunem
650 1896 705 1930 effe
715 1911 722 1929 z
734 1909 767 1930 ac
778 1897 796 1929 fi
809 1899 919 1929 diceret
932 1920 939 1932 ,
952 1900 1034 1929 Deus
1043 1897 1134 1929 hodie
1145 1906 1205 1927 non
1217 1895 1341 1925 minoris
1350 1893 1466 1925 aestimat
1476 1894 1602 1926 verbum
1613 1891 1694 1924 suum
1704 1915 1714 1930 ,
1725 1893 1809 1926 cuius
1825 1903 2034 1938 contemptum
2051 1895 2143 1929 semel

403 1952 464 1974 tam
475 1941 574 1974 ieuere
585 1941 665 1974 vltus
676 1943 726 1975 est.
748 1945 825 1985 Ergo
838 1941 991 1983 Prophetae
998 1940 1185 1973 denuntiatio
1194 1939 1230 1971 ad
1241 1950 1346 1970 omnes
1355 1948 1452 1970 aetates
1461 1938 1601 1980 pertinet,
1611 1948 1648 1969 ne
1656 1936 1771 1980 sperent
1779 1949 2004 1982 contemptores
2011 1940 2144 1985 se,quam

403 1987 453 2028 alij
463 1988 574 2029 experti
585 1987 648 2019 sunt
659 1987 817 2019 vindictam
829 2010 836 2023 ,
849 1986 930 2029 poffe
943 1997 1021 2018 nunc
1033 1984 1173 2028 effugere.
1194 1983 1413 2026 Superbiebant
1424 1983 1572 2025 Templo,
1584 1982 1731 2014 iactabant
1741 1981 1770 2015 se
1778 1982 1835 2016 css'e
1843 1986 1899 2017 Dei
1909 1985 2053 2028 populum
2066 2009 2077 2023 ,
2087 1987 2146 2019 im-

405 2032 457 2073 pio
465 2030 535 2062 fastu
546 2031 612 2064 elati
625 2030 800 2074 spernebant
809 2034 902 2064 minas
911 2043 1025 2064 omnes.
1033 2034 1112 2074 Ergo
1122 2029 1230 2062 Paulus
1239 2029 1335 2062 illisin
1344 2029 1519 2061 memoriam
1528 2027 1728 2070 reducit,quid
1734 2030 1818 2060 Deus
1825 2040 1878 2072 per
1897 2031 2065 2074 Prophetas
2078 2031 2145 2066 suos

406 2077 665 2118 contemptoribus
674 2078 813 2109 minetur.
1389 2113 1391 2116 Α
1610 2111 1612 2114 Ι
1846 2094 1848 2097 v

438 2122 488 2152 Op
497 2133 513 2150 v
523 2133 535 2150 s
550 2122 579 2151 in
588 2121 695 2153 diebus
705 2122 833 2162 vestris.)
855 2122 958 2154 Sensus
967 2120 1007 2153 est
1018 2144 1026 2158 ,
1038 2121 1101 2165 Qi
1113 2117 1171 2153 Dei
1180 2116 1275 2151 verbo
1285 2117 1375 2150 fidem
1385 2114 1495 2149 habere
1506 2113 1671 2149 detrectant
1681 2138 1690 2151 ‚
1701 2127 1819 2149 manum
1830 2114 2033 2151 eiussensuros
2042 2139 2052 2154 ‚
2061 2129 2093 2152 vt
2101 2120 2145 2152 (ἦ.

404 2164 472 2196 dem
485 2168 583 2206 poenis
593 2166 725 2198 corruisti
735 2187 744 2202 ‚
755 2166 829 2200 scrib
838 2165 995 2210 loquutum
1007 2165 1064 2200 effe
1073 2164 1246 2210 agnoscant.
1265 2163 1385 2213 Vulgari
1397 2162 1558 2205 prouerbio
1566 2161 1684 2197 dicitur,
1691 2161 1856 2194 Stultorum
1866 2164 2076 2206 experientiam
2085 2164 2145 2197 effe

406 2211 580 2252 magistram.
603 2212 649 2243 Sic
659 2213 808 2243 Dominus
820 2223 850 2243 re
860 2211 917 2254 ipsa
926 2213 1033 2253 impios
1043 2210 1178 2254 coarguit
1189 2230 1199 2246 ,
1208 2219 1242 2241 vt
1250 2209 1336 2241 malis
1343 2207 1450 2239 domiti
1461 2228 1471 2242 ‚
1481 2207 1546 2238 eius
1555 2206 1696 2238 virtutem
1709 2204 1793 2238 fateri
1809 2207 1960 2250 incipiant.
1983 2209 2081 2253 Qale
2091 2221 2144 2241 au-

404 2264 468 2299 rem
480 2265 576 2296 poenae
585 2266 678 2298 genus
687 2255 842 2288 denuntiat
853 2262 863 2288 ἒ
872 2258 940 2299 quia
949 2255 1176 2298 verboonquit)
1185 2264 1255 2286 meo
1265 2264 1326 2286 non
1337 2252 1455 2285 creditis
1466 2274 1476 2289 ,
1485 2251 1652 2292 exemplum
1663 2251 1693 2282 in
1705 2259 1760 2282 vos
1768 2250 1950 2295 edam‚quod
1959 2253 1992 2286 fit
2001 2254 2146 2287 omnibus

405 2298 584 2330 incredibile
597 2301 722 2341 :quibus
730 2301 829 2332 verbis
838 2302 978 2344 intelligit
988 2323 997 2337 ,
1005 2300 1032 2332 se
1042 2310 1149 2342 poenas
1159 2300 1197 2332 de
1206 2298 1265 2331 illis
1275 2296 1456 2340 sumpturum
1466 2315 1476 2331 ,
1484 2295 1698 2339 quaeincutiant
1706 2296 1820 2326 mundo
1831 2296 1997 2329 horrorem.
2019 2302 2095 2330 Nam
2111 2310 2148 2334 vt

408 2343 571 2375 monstrum
582 2344 621 2375 est
631 2343 804 2375 detestabile
813 2344 948 2378 aduersus
957 2348 1056 2377 Deum
1066 2344 1195 2376 rebellio
1205 2363 1214 2379 ,
1222 2343 1263 2375 ita
1271 2353 1332 2374 non
1343 2342 1450 2374 mirum
1462 2341 1501 2372 est
1511 2362 1520 2376 ,
1532 2339 1552 2370 fi
1561 2349 1718 2382 poenarum
1731 2340 1859 2373 monstra
1876 2342 1945 2374 exse
1953 2344 2064 2387 gignat.
2084 2345 2148 2376 Ca.

409 2388 541 2419 uendum
551 2398 622 2430 ergo
633 2409 642 2424 ‚
653 2399 689 2419 ne
700 2387 718 2419 fi
729 2389 785 2419 Dei
796 2389 890 2420 verbo
900 2388 989 2421 fidem
1002 2389 1181 2430 abrogemus
1190 2388 1408 2429 ,potentiorem
1421 2384 1507 2427 quam
1520 2384 1614 2415 sensus
1625 2394 1730 2415 omnes
1738 2385 1827 2416 nostri
1838 2389 1958 2429 capiunt
1970 2409 1980 2423 ,
1990 2389 2148 2420 sentiamus

413 2432 478 2463 eius
488 2443 606 2464 manum
617 2454 626 2468 ‚
641 2434 672 2465 &
681 2432 801 2475 quidem
812 2432 902 2474 vsque
911 2435 946 2464 ad
955 2433 1048 2465 totius
1058 2431 1160 2462 mundi
1170 2432 1319 2472 stuporem
1331 2449 1340 2464 2
1349 2439 1506 2470 acpauore
1516 2427 1566 2470 ipsi
1579 2438 1698 2470 quoque
1709 2430 1828 2462 attoniti
1837 2432 2003 2464 reddamur.
2025 2433 2147 2465 Abacuc

415 2475 454 2508 de
474 2475 557 2507 clade
576 2476 751 2509 vaticinatur
766 2488 819 2519 per
835 2476 991 2508 Chaldaeos
1011 2474 1196 2508 inflictazsed
1206 2484 1296 2515 poena
1305 2484 1363 2515 qua
1373 2473 1521 2504 Dominus
1540 2472 1740 2515 Euangelijsui
1771 2485 1990 2519 contemptum
2003 2478 2082 2509 vltus
2098 2478 2150 2513 est,

416 2520 507 2596 lolnge
517 2519 569 2552 fuit
577 2522 713 2553 atrocior.
724 2532 814 2565 quare
824 2522 861 2555 ad
869 2521 1036 2554 timendum
1045 2520 1192 2556 Deum,&
1200 2516 1423 2560 amplexandum
1435 2527 1604 2549 reuerenter
1615 2518 1678 2549 eius
1689 2518 1814 2550 verbum
1824 2520 2066 2560 affuelcamusme
2077 2520 2150 2566 quid

415 2574 444 2598 ta
459 2576 475 2597 e
486 2567 574 2598 nobis
582 2566 709 2599 eueniat.
1002 2571 1011 2576 ⁶
1194 2570 1196 2573 '

472 2672 523 2704 42
550 2663 580 2695 E
576 2653 687 2712 gressai
698 2644 812 2696 autenss
822 2670 868 2695 ex
877 2661 898 2694 S
891 2668 1047 2711 ynagoga
1053 2648 1402 2699 Iudaeo's,hort·abantur
1411 2658 1533 2691 Gentes
1543 2663 1588 2691 vt
1595 2650 1799 2691 intermedio
1809 2649 1978 2693 Sabbatha
1989 2653 2149 2708 loquer?-

420 2723 479 2751 tur
487 2728 499 2751 1
534 2728 561 2751 ts
572 2713 692 2752 verba.
1748 2725 1752 2728 ·
1915 2720 1918 2724 ·

449 2782 492 2819 43
498 2712 547 2768 Vs
537 2768 678 2823 Dimissa
688 2765 773 2808 verb
782 2766 1176 2823 Synagogafcquutisisnt
1184 2763 1283 2805 multi
1291 2778 1335 2803 ex
1344 2760 1457 2803 Iudaeo'r
1468 2762 1508 2809 ὦ*
1516 2763 1675 2821 religiosis
1685 2764 1854 2820 Proselyti}
1863 2764 2006 2804 Paulum
2015 2765 2148 2812 &Bar-

414 2824 621 2880 ‘naba7n,qui
628 2827 850 2880 'colloquentes
858 2838 932 2863 cum
942 2827 974 2878 ip
969 2821 1212 2877 fisfiaadebant
1221 2833 1266 2861 vt
1273 2830 1450 2860 manerent
1460 2822 1498 2858 in
1503 2827 1615 2877 gratia
1626 2825 1700 2861 Dei.

469 2897 495 2929 4
501 2896 523 2931 4
578 2888 624 2921 Et
632 2897 735 2938 quum
743 2881 890 2938 veniffbt
897 2876 1212 2937 Sabbathumfflrop?
1220 2889 1291 2918 tota
1302 2879 1417 2917 ciuitiu
1426 2890 1624 2935 congregata
1622 2876 1697 2931 fuit
1713 2880 1763 2918 ad
1775 2878 1986 2918 audiendum
1991 2876 2157 2931 se'rmon'e'⁴

426 2940 505 2976 Dei.

469 3006 513 3042 45
544 3000 574 3031 V
577 2993 710 3033 identes
719 3004 832 3032 autem
842 2991 945 3032 Iudai
954 2986 1080 3038 turbas,
1094 2990 1294 3049 repletist'mt
1301 2991 1510 3032 ,emulatione
1521 3023 1532 3042 ,
1543 2989 1583 3037 ὀ·
1591 2989 1866 3032 contradicebant
1873 2986 1925 3033 hdr
1933 3002 2001 3046 qua
2012 2990 2031 3030 ἃ
2047 2989 2157 3031 Paulo*

425 3047 623 3089 dicebantur
637 3081 648 3099 ,
658 3052 924 3090 contradicentes
942 3048 982 3096 ά
992 3047 1267 3102 blasphemantes,

455 3159 490 3187 42
521 3148 608 3181 Eone
616 3159 672 3181 ssrs
684 3157 700 3180 ιι
718 3161 730 3178 s
739 3162 779 3181 ru
789 3161 804 3179 Α
813 3163 855 3182 Go
863 3163 881 3182 G
890 3150 932 3190 A.)
957 3147 1057 3180 Potest
1066 3148 1154 3181 etiam
1164 3147 1222 3192 legi
1233 3170 1243 3185 ,
1255 3145 1272 3182 ὃ
1281 3149 1434 3189 synagoga
1442 3143 1607 3181 iudeorum
1616 3157 1628 3185 3
1638 3135 1757 3184 &isone
1772 3146 1877 3188 aptius.
1897 3146 2060 3179 Probabile
2069 3148 2151 3180 enim

425 3194 466 3225 est
478 3216 487 3229 ,
501 3192 581 3229 fuisse
593 3192 718 3236 egressos
727 3193 889 3236 priusquam
899 3204 998 3225 coetus
1009 3193 1154 3225 difflueret
1165 3192 1269 3236 :idque
1279 3202 1313 3224 ex
1322 3200 1462 3223 contextu
1474 3192 1626 3234 colligitur
1635 3195 1720 3235 ‚quia
1735 3191 1821 3234 paulb
1838 3191 1902 3233 post
1918 3191 2149 3229 subiicit,Lucas

423 3237 515 3270 soluta
527 3230 681 3280 Syinxigoga
691 3236 829 3279 quosdam
843 3249 875 3269 ex
883 3238 985 3269 Iudaeis
993 3237 1133 3279 sequutos
1143 3237 1223 3270 fuiss'e
1233 3237 1353 3270 Paulum
1365 3238 1395 3267 ὅτ
1403 3236 1575 3267 Βζπηεδειπι.
1597 3239 1700 3270 Sensus
1708 3244 1779 3279 ergo
1787 3235 1827 3266 est
1836 3258 1845 3271 ,
1855 3236 1957 3268 Iudaeis
1966 3237 2061 3268 adhuc
2078 3247 2152 3268 con-

425 3291 548 3314 uentum
562 3280 642 3314 suum
654 3281 833 3314 habentibus
843 3302 853 3317 ,
861 3282 984 3315 Paulum
996 3284 1025 3314 &
1035 3285 1198 3316 Barnabam
1209 3278 1291 3315 fuiss'e
1300 3278 1471 3325 egressos&
1480 3290 1550 3313 tunc
1560 3292 1678 3324 rogatos
1688 3282 1703 3314 a
1714 3280 1862 3315 Gentibus
1872 3302 1882 3317 ,
1895 3288 1926 3313 vt
1938 3282 2047 3313 interea
2056 3279 2109 3312 sibi
2119 3293 2153 3313 o-

424 3335 524 3366 petam
537 3337 686 3358 nauarent.
1418 3344 1421 3347 -
1448 3352 1450 3354 ,

422 3364 2152 3455 102}f2235*²²v‘2ssffsssst‘2f2'ss33533'52'5531353532'51‘2'231‘32{Sez‘ffsfblfa'afflsssssss‘iasffltl's‘ffi‘ffiissfsffsl

421 3465 494 3488 tem.
521 3468 584 3487 narn
594 3469 683 3499 quum
697 3456 745 3490 hic
756 3458 792 3489 de
803 3457 954 3490 Gentibus
964 3467 1064 3499 agatur
1076 3478 1085 3494 ,
1096 3469 1154 3489 non
1164 3460 1204 3490 est
1215 3459 1289 3490 mihi
1300 3457 1454 3489 verisimile
1465 3479 1474 3492 ,
1491 3458 1674 3490 Sabbathutn
1686 3457 1795 3499 eligere
1806 3458 1866 3500 qub
1873 3457 1997 3488 Paulum
2009 3460 2153 3489 &Barna-

420 3499 490 3533 bam
499 3500 631 3535 audiant.
653 3503 756 3536 Iudaeis
765 3503 845 3535 enim
854 3502 941 3545 status
950 3511 1011 3535 etat
1020 3502 1082 3535 dies
1093 3502 1145 3535 ille
1153 3522 1163 3538 ‚
1173 3502 1220 3536 sed
1227 3503 1378 3534 Gentibus
1389 3513 1450 3535 non
1460 3502 1557 3535 minor
1575 3502 1642 3536 aliis
1659 3501 1766 3533 diebus
1785 3502 1999 3545 opportunitas.
2015 3500 2153 3543 quorsum

2079 3556 2156 3590 εἶξα
