2310 3841
602 147 996 193 SECVNDVM

199 224 390 270 corruptelis
406 218 523 257 infecta
535 218 653 258 essent,
675 213 764 252 fuisse
774 227 880 251 tamen
892 215 957 249 illic
976 216 1034 251 ab-

196 272 380 308 sconditum
390 266 521 319 aliquod
530 269 656 315 pietatis
666 264 884 300 semen.Vnde
895 266 982 298 enim
995 264 1034 298 fi—

197 324 303 357 mulac
319 320 451 356 verbum
470 320 509 353 de
527 316 660 352 Christo
679 315 830 351 audiunt,
855 323 942 346 tanta
960 312 1028 347 eius

195 369 358 418 quaerendi
368 363 665 415 promptitudo,n.si
675 363 750 410 quia
759 374 796 396 ex
809 364 939 414 Lege&
952 365 1031 394 Pro-

193 419 298 464 phetis
314 429 482 452 venturum
501 412 561 448 esse
574 414 828 458 Redemptorem
838 411 1029 444 didicerant?

192 469 305 501 Fuerat
324 466 453 512 quidem
474 463 576 497 Judaea
593 460 762 508 peculiaris
781 457 922 493 Domini
941 469 1027 504 ager,

190 527 288 562 quem
304 525 360 560 per
379 512 450 547 suos
467 511 642 556 Prophetas
658 508 856 542 excoluerat:
877 504 928 539 sed
947 518 1028 552 quo-

187 566 276 598 niam
302 561 496 608 aliquantula
514 559 643 594 seminis
668 556 776 603 portio
795 555 828 588 in
855 556 1026 588 Samariam

187 611 289 645 delata
311 620 395 649 erar,
414 621 482 643 non
500 608 556 642 abs
567 620 599 642 re
608 606 685 642 dicit
701 602 924 641 Christusillic
942 614 1027 649 quo-

213 671 251 693 ue
269 655 447 693 maturuisse
465 656 584 691 semen.
611 652 642 690 s‘i
665 656 736 701 quis
753 651 899 687 obiiciat,
911 651 1033 684 elerstos

187 671 279 742 (suisse
307 707 486 753 Apostolos
503 717 536 740 vt
554 702 766 749 Euangelium
783 700 950 747 vulgarent
969 699 1031 732 toti

192 756 326 791 mundo:
338 751 501 801 responsio
511 752 611 788 facilis
621 747 848 787 est,Christum
860 759 894 783 vt
905 758 1031 792 tempus

192 803 317 839 ferebat
328 806 499 851 loquutum
510 799 570 836 esse
580 822 590 837 ‚
611 798 669 832 nili
684 799 772 844 quod
783 799 816 830 in
827 795 1032 830 Samaritanis

193 852 395 899 Propheticae
413 850 566 885 do&rinae
581 845 687 881 semen
700 870 710 885 ,
734 847 810 879 licet
822 843 931 900 multis
949 842 1031 875 ziza-

192 902 257 936 niis
267 901 395 935 mistum
403 911 443 939 xac
452 896 604 931 refertum
615 917 626 934 ,
643 893 660 928 ὲ
669 893 720 940 spe
728 891 848 928 fruetus
859 891 921 924 iam
932 890 1032 935 prope

193 950 309 986 maturi
320 946 539 982 commendat.
966 985 972 991 η

243 1008 280 1041 37
326 999 364 1031 In
372 993 425 1028 hoc
434 996 512 1028 em’m
525 1004 619 1026 verus
629 988 789 1033 estlirmo.)
817 984 1031 1020 Prouerbium

193 1043 258 1080 hoc
268 1045 397 1092 vulgare
406 1053 491 1080 erat,
510 1053 577 1089 quo
586 1039 771 1074 indicabant
782 1036 902 1070 multos
913 1031 990 1079 saepe
999 1047 1032 1068 a-

192 1093 272 1128 lieni
292 1092 412 1126 laboris
422 1088 559 1125 frutffium
575 1089 750 1135 percipere.
775 1095 958 1132 quanquam
969 1082 1032 1118 hoc

194 1132 354 1177 diuersum
372 1151 457 1178 erat,
475 1137 564 1185 quod
573 1137 656 1183 aegre
668 1137 783 1182 patitur
795 1134 821 1166 is
837 1132 892 1179 qui
903 1130 1031 1184 labor-27

193 1190 242 1225 uit
261 1211 272 1228 ,
290 1187 428 1224 sinerum
446 1187 486 1222 ab
506 1186 571 1220 alio
589 1182 705 1220 auferri
722 1208 733 1226 ‚
759 1193 860 1232 quum
879 1178 1032 1226 Apostoli

1047 147 1490 191 lOHANNEM.

1085 214 1193 251 socios
1212 216 1322 251 laetitiae
1334 215 1470 250 habeant
1481 215 1668 261 Prophetas.
1694 217 1812 265 Neque
1821 229 1928 254 tamen

1084 264 1161 300 hinc
1173 264 1276 311 potest
1294 264 1429 310 colligi,
1449 265 1625 309 Prophetas
1636 264 1720 310 ipsos
1732 278 1846 300 eorum
1860 280 1927 314 quae

1084 313 1118 347 in
1133 312 1273 347 Ecclcfia
1289 311 1386 346 hodie
1412 324 1566 358 geruntur
1586 314 1676 347 testes
1705 317 1752 348 vel
1779 314 1928 350 conscios

1083 360 1160 396 ess'c:
1173 362 1324 409 quianon
1334 361 1398 394 alio
1409 362 1526 406 spectat
1537 360 1658 395 Christi
1670 361 1815 398 cofinum
1829 365 1927 411 quam

1083 409 1148 444 hoc
1173 409 1287 444 affeetu
1307 409 1448 444 docuisse
1476 409 1650 455 Prophetas
1677 412 1816 456 quandiu
1843 413 1927 449 vixe-

1082 469 1156 493 runt
1165 480 1175 497 ,
1191 469 1224 493 vt
1236 459 1274 492 de
1286 455 1388 491 frustu
1399 469 1496 504 quem
1508 458 1570 491 illis
1581 459 1736 504 colligere
1746 471 1814 493 non
1826 462 1924 496 daba-

1082 518 1144 545 tur,
1155 507 1217 540 iam
1228 506 1415 554 gauderent.
1445 507 1526 540 Non
1537 505 1692 540 absimilis
1703 505 1747 540 est
1758 519 1924 554 compara-

1082 558 1131 590 tio
1143 568 1203 601 qua
1213 557 1324 588 Petrus
1340 555 1448 600 primo
1465 554 1604 600 epistoloe
1623 554 1679 588 suae
1696 555 1799 600 capite
1813 558 1920 592 vritur:
1932 561 2010 584 ¹·P‹¹-¹
2021 561 2072 589 ⁶¹³³·

1082 604 1138 638 nisi
1160 603 1248 649 quod
1274 602 1464 650 generaliter
1490 602 1601 637 fideles
1619 615 1734 649 omnes
1764 604 1922 640 hortatur:

1083 651 1229 686 christus
1249 663 1356 686 autem
1366 650 1417 684 h‘i'e
1436 651 1522 685 solos
1544 649 1716 698 discipulos
1733 655 1919 699 compellat,

1083 705 1114 736 ὅ(
1125 701 1158 734 in
1176 712 1290 734 eorum
1302 697 1435 745 persona
1451 699 1620 747 Euangelij
1632 699 1805 735 ministros.
1827 702 1922 736 Iubet

1082 760 1188 782 autem
1207 746 1257 781 his
1275 748 1382 782 verbis
1401 749 1443 781 ita
1460 748 1495 781 in
1523 760 1699 783 commune
1718 747 1784 789 suas
1809 762 1922 797 operas

1083 796 1231 830 conferre
1243 818 1252 833 ,
1271 806 1304 829 vt
1321 797 1407 830 nulla
1425 794 1508 829 inter
1523 808 1579 830 eos
1597 809 1690 841 praua
1702 796 1739 831 sit
1748 799 1922 833 aemulatio:

1084 844 1137 889 qui
1150 844 1272 889 priores
1282 843 1317 876 ad
1331 855 1410 888 opus
1421 855 1602 882 mittuntur,
1614 845 1656 878 ita
1667 845 1784 880 debere
1794 849 1831 880 ad
1843 859 1922 893 prae-

1084 890 1169 925 sente
1179 893 1299 926 culturi
1308 888 1368 924 effe
1380 892 1646 929 intentos,vtaliis
1657 895 1711 940 qui
1725 895 1842 929 deinde
1854 895 1924 931 suc·-

1083 940 1218 978 cedent,
1230 940 1385 973 maiorem
1399 938 1660 975 benedictionem
1670 954 1735 974 non
1748 944 1924 978 inuideantt

1085 989 1140 1035 qui
1161 988 1333 1022 mittuntur
1350 988 1433 1034 quasi
1452 989 1489 1021 ad
1509 998 1664 1023 maturam
1683 988 1808 1036 frugem
1829 993 1925 1026 colli-

1084 1037 1242 1084 gendam,
1270 1048 1309 1069 eo
1319 1035 1450 1069 alacrius
1469 1048 1499 1069 m
1520 1047 1623 1081 partes
1643 1035 1709 1071 suas
1720 1038 1921 1074 incumbant.

1083 1087 1170 1120 Nam
1182 1083 1381 1131 comparatio
1391 1096 1459 1131 quae
1469 1084 1520 1117 hic
1529 1083 1566 1118 fit
1576 1086 1656 1119 inter
1667 1087 1764 1132 Legis
1772 1091 1802 1122 δι
1813 1088 1922 1122 Euan-

1083 1134 1159 1181 gelij
1172 1134 1346 1172 ‹loo-ores,
1365 1131 1470 1179 potest
1482 1132 1578 1167 etiam
1589 1133 1639 1169 his
1657 1133 1879 1181 fingulisinter
1890 1135 1922 1170 se

1085 1193 1196 1229 aptari.

236 1300 276 1338 39
306 1292 360 1331 Ex
369 1282 454 1324 vrbe
463 1295 576 1323 autem
585 1283 642 1322 illa
652 1276 751 1322 inulti
761 1287 1051 1325 Samaritanorum
1060 1279 1099 1319 in
1108 1295 1184 1320 eum
1198 1277 1430 1328 crediderunt,
1435 1289 1575 1335 propter
1573 1279 1765 1334 firmonem
1772 1281 1924 1322 mulien}

192 1356 261 1399 quae
269 1340 625 1392 teftifiabatur,Dixit
635 1338 720 1379 mihi
729 1343 842 1381 omnia
855 1338 1006 1396 quaefeci.

246 1413 298 1449 40
327 1396 502 1451 Postquam
510 1410 585 1452 ergo
592 1409 764 1437 venerunt
773 1398 823 1437 ad
830 1412 908 1437 eum
920 1398 1264 1451 Samaritae‚rogarunt
1271 1405 1347 1432 eum
1357 1401 1402 1430 vt
1411 1401 1567 1432 maneret
1578 1385 1672 1448 apud
1675 1391 1769 1448 ipfhs.
1774 1396 1818 1431 Et
1825 1405 1925 1446 man-3

180 1454 228 1510 fit
238 1456 324 1495 duos
334 1453 419 1492 dies.

232 1528 260 1558 4
267 1526 279 1550 1
319 1518 394 1551 <Ac
402 1507 507 1548 multo
521 1507 630 1560 plures
639 1508 857 1549 crediderunt
868 1507 1199 1564 propte-rsbrmonem
1209 1509 1290 1545 eius.

231 1582 284 1615 42
313 1571 364 1603 Ac
371 1561 505 1604 multem·
514 1563 680 1609 dicebam,
685 1572 773 1614 Ron
781 1570 923 1620 ampliata
929 1575 1062 1620 propter
1070 1574 1164 1603 tuam
1173 1566 1360 1603 orationem
1367 1560 1610 1616 credimm.·ipfi
1617 1566 1708 1603 enim
1716 1563 1923 1611 audiuimus,

189 1620 361 1675 &fotmus
371 1618 465 1673 quod
472 1618 574 1672 hicfit
585 1618 823 1676 verb-seruator
832 1621 954 1661 mundi
964 1613 1128 1670 &hastan

231 1692 276 1728 43
304 1675 377 1728 1²(st
383 1674 467 1714 daos
479 1684 590 1714 autem
601 1675 674 1715 dies
683 1680 766 1731 exq't
774 1676 911 1725 inda&
921 1680 1004 1732 abgjt
1013 1673 1244 1718 incolilaeam.

232 1749 288 1782 44
314 1731 378 1784 Ipft
388 1735 478 1771 emfm
487 1731 573 1787 Iefhs
583 1734 776 1784 testificatus
785 1736 831 1787 est
840 1732 934 1788 quod
942 1732 1107 1788 Propheta
1117 1736 1155 1771 in
1155 1729 1218 1784 fita
1228 1732 1339 1786 patria
1349 1729 1511 1770 honorem
1521 1747 1591 1771 non
1601 1728 1717 1772 habet.

232 1803 278 1840 45

307 1790 430 1842 Qum
439 1799 551 1826 autem
561 1792 664 1827 venit
676 1792 714 1828 in
724 1792 1100 1843 Galilaeam,receperum
1111 1803 1189 1827 eum
1199 1788 1340 1834 Galilaei,
1353 1791 1412 1842 qui
1423 1792 1539 1828 omnia
1546 1789 1711 1829 viderent
1720 1786 1923 1843 quaefi‘cerat

189 1844 427 1900 Hierosolymis
437 1841 676 1896 dieftstomam
684 1846 723 1892 ά
732 1845 791 1901 ipsi
797 1858 970 1887 venerant
978 1847 1027 1884 ad
1032 1844 1121 1885 diem
1124 1843 1257 1898 festum.

225 1944 430 1981 erediderunt
434 1954 554 1992 propter
557 1944 723 1987 firmorum
730 1947 887 1986 mulieris.)
898 1947 963 1983 Hic
974 1960 1029 1983 te-

189 1991 253 2028 fert
262 1993 464 2040 Euangelista
480 2003 633 2038 quantum
643 1994 777 2028 valuerit
794 1995 936 2030 mulieris
949 2008 1027 2041 prae-

192 2041 326 2076 conium
335 2040 415 2086 apud
426 2040 510 2075 ciues
521 2038 604 2074 suos.
630 2042 714 2076 vnde
725 2052 870 2088 apparet,
890 2040 976 2087 spem
993 2047 1026 2078 δε

193 2088 385 2124 desiderium
402 2087 546 2135 promissi
567 2087 685 2124 Mesfiae
696 2102 762 2123 non
773 2088 884 2136 parum
894 2089 1027 2137 viguisse

190 2138 274 2183 apud
285 2149 351 2172 eos.
364 2136 524 2187 Caeterum
536 2137 689 2172 Credendi
697 2136 830 2172 verbum
841 2137 893 2172 hic
903 2138 1026 2185 impro-

184 2185 255 2231 prie
272 2184 428 2232 significat
440 2185 586 2219 mulieris
597 2183 745 2220 sermone
763 2183 850 2221 fuiffe
874 2187 1027 2221 excitatos

185 2244 221 2267 vt
238 2232 405 2268 Christum
425 2232 632 2280 agnoscerent
648 2234 854 2280 Propheta-m.
880 2236 956 2269 Hoc
974 2246 1026 2268 au-

189 2292 254 2316 tem
265 2281 309 2316 est
319 2283 405 2316 velut
416 2280 491 2315 fidei
501 2281 630 2316 initium
640 2304 651 2320 ,
667 2295 767 2330 quum
778 2282 878 2316 animi
896 2283 934 2316 ad
946 2283 1026 2317 reei-

188 2330 339 2376 piendam
357 2329 538 2364 doetrinarn
557 2331 655 2375 parati
670 2331 749 2365 sunt.
778 2331 870 2364 Talis
879 2331 917 2365 ad
928 2330 1026 2365 fidem

187 2376 343 2425 ingressus
361 2377 412 2413 hic
431 2376 614 2412 honorifice
631 2389 762 2414 vocatur
771 2378 871 2416 fides,
896 2388 929 2414 vt
948 2377 1025 2411 scia-

188 2439 261 2461 mus
278 2426 386 2473 quanti
406 2426 498 2460 Deus
513 2426 603 2462 verbi
619 2425 664 2460 sui
690 2426 901 2460 reuerentiam
921 2423 1025 2464 faciat,

190 2486 292 2520 quum
309 2483 400 2508 tanto
416 2473 545 2508 honore
561 2473 710 2521 dignatur
719 2472 818 2508 solam'
835 2485 949 2508 eorum
967 2474 1028 2508 do-

191 2523 344 2557 cilitatem
363 2521 419 2569 qui
439 2522 586 2557 nondum
600 2522 710 2556 edoffi
725 2521 804 2556 sunt.
825 2525 863 2557 In
873 2534 913 2556 eo
924 2532 1028 2557 autem

191 2569 222 2606 se
233 2568 429 2605 demonstrat
439 2569 520 2605 fides
538 2570 592 2604 illa
599 2571 688 2618 quod
698 2569 889 2618 proficiendi
906 2569 1029 2605 defide-

190 2619 242 2653 rio
252 2624 400 2653 tenentur
416 2631 424 2651 :
443 2630 504 2666 qua
514 2619 640 2654 ratione
657 2619 738 2665 apud
754 2618 784 2653 se
795 2631 923 2653 manere
931 2617 1030 2654 chri-

189 2665 274 2702 stum
283 2667 426 2712 cupiunt.
505 2695 509 2699 .

242 2726 281 2760 4¹
326 2715 438 2749 Multo
441 2714 546 2760 plures
555 2711 781 2757 crediderunt.)
802 2714 850 2748 Ex
859 2712 991 2749 successu
1001 2714 1030 2747 i-

190 2762 248 2811 pso
257 2761 360 2809 palam
378 2760 423 2795 est
432 2760 598 2796 Christum
610 2772 677 2794 non
695 2759 784 2795 fuiffe
799 2763 867 2807 plus
875 2773 968 2808 aequo
988 2760 1030 2796 fa-

193 2812 288 2848 cilem
299 2821 333 2844 vt
343 2808 408 2843 illis
418 2819 582 2843 annueret.
601 2808 750 2843 videmus
760 2810 847 2844 enim
858 2810 953 2858 quam
965 2807 1030 2845 fru-

192 2857 339 2896 &uosum
355 2856 437 2891 istud
461 2856 555 2891 fuerit
571 2855 706 2891 biduum
726 2857 816 2904 quod
840 2857 1023 2905 petentibus

191 2905 354 2944 concessit.
373 2909 452 2952 Q>
463 2904 611 2950 exemplo
623 2904 778 2939 docemur
790 2918 953 2954 nunquam
967 2905 1029 2941 ces-

191 2955 324 2991 sandum
344 2954 403 2988 esse
420 2953 550 3000 quoties
566 2963 702 2999 regnum
721 2953 787 2988 Dei
798 2965 972 3001 propagare
988 2955 1029 2988 li-

194 3013 256 3039 cet·

197 3051 343 3085 moribus
363 3049 470 3084 nostra
481 3046 633 3086 facilitas,
653 3049 704 3082 vel
721 3047 828 3094 saepius
839 3049 875 3086 fit
893 3050 1028 3089 inutilis,

198 3098 342 3142 p'e‘tamus
358 3098 375 3133 ὲ
391 3096 524 3133 Christo
534 3097 685 3141 Spiritum
705 3096 826 3141 consilii
839 3099 892 3145 qui
904 3111 964 3133 nos
980 3099 1030 3133 di-

200 3144 292 3192 rigat.
315 3146 381 3181 Hie
391 3147 454 3181 iam
464 3146 529 3180 alio
546 3144 633 3179 sensu
650 3144 780 3189 ponitur
790 3146 1029 3182 Credendiver-

198 3193 278 3226 bum
287 3214 297 3230 ‚
308 3194 381 3238 quia
390 3206 457 3228 non
467 3192 594 3228 tanttlm
606 3193 644 3227 ad
652 3192 749 3227 fidem
759 3205 946 3241 praeparatos
956 3193 1027 3229 fnis-

200 3239 232 3274 se
242 3238 460 3286 fignificat‚sed
469 3242 555 3276 refia
565 3240 628 3275 fide
639 3240 791 3275 imbutos.

247 3298 287 3327 42
328 3291 552 3336 ‘Proptertuam
567 3289 754 3328 orationem.)
780 3290 922 3325 Tametfi
941 3290 1032 3325 Eras-

202 3347 292 3370 mum
309 3333 343 3368 in
356 3335 500 3371 versione
510 3336 658 3384 sequutus
677 3334 742 3370 sum
753 3361 764 3375 ‚
781 3339 855 3385 quia
863 3338 1031 3372 barbarum

200 3383 247 3418 est
266 3383 399 3428 loquelae
416 3395 550 3424 nomen,
568 3386 655 3431 quod
664 3383 759 3419 habet
767 3388 1033 3430 vetusinterpres:

199 3429 356 3469 monendi
374 3440 478 3464 tamen
489 3431 721 3470 suntlec‘tores,
743 3435 855 3470 λαλιάν
874 3435 958 3468 idern
971 3431 1034 3465 fere

201 3479 325 3516 Graecis
344 3477 455 3513 sonare
465 3480 552 3526 quod
560 3481 683 3521 Latinis
693 3478 847 3530 fignificat
858 3481 1034 3530 loquentia.

281 3002 382 3049 Qod
392 3001 414 3035 si
422 3003 572 3036 timemus
591 3012 632 3033 ne
641 3000 782 3035 obnoxia
791 3000 826 3036 fit
838 3003 967 3038 sinistris
977 3015 1025 3036 ru·
1050 3045 1053 3047 ‚

1073 1948 1116 1982 Et
1127 1946 1276 1982 videntur
1294 1944 1410 1980 iactare
1427 1946 1615 1980 Samaritani
1635 1944 1694 1979 fibi
1713 1944 1844 1978 solidius
1853 1943 1919 1979 iam

1075 1995 1136 2030 esse
1143 1992 1280 2028 fulcrum
1291 1994 1387 2040 quam
1398 1995 1431 2027 in
1441 1993 1550 2040 lingua
1560 1993 1713 2030 mulieri&
1723 2005 1792 2039 quae
1802 2002 1835 2028 vt
1845 1992 1919 2037 plu-

1074 2043 1194 2076 rimum
1203 2040 1302 2075 futilis
1312 2039 1372 2075 esse
1383 2040 1474 2075 solet.
1499 2039 1667 2075 Credimus.
1685 2041 1806 2075 Melius
1814 2040 1918 2085 expri-

1075 2090 1135 2126 mit
1149 2089 1252 2137 qualis
1267 2085 1362 2123 fuerit
1375 2087 1516 2135 ipsorum
1534 2087 1613 2122 fides
1624 2111 1635 2126 ‚
1661 2099 1776 2134 nempe
1790 2100 1827 2122 ex
1842 2087 1913 2133 ipso

1074 2139 1140 2172 Dei
1154 2136 1256 2172 verbo
1268 2147 1442 2184 concepta:
1454 2149 1487 2171 vt
1499 2135 1630 2183 gloriari
1640 2134 1758 2182 possint
1768 2134 1799 2170 se
1810 2136 1913 2183 magi-

1073 2185 1172 2220 strum
1183 2184 1300 2220 habere
1308 2185 1425 2220 Filium
1435 2185 1520 2223 Dei,
1537 2195 1573 2218 vt
1581 2184 1667 2219 certe
1677 2185 1704 2218 is
1718 2181 1803 2218 solus
1820 2185 1910 2219 estin

1075 2234 1163 2268 cuius
1180 2233 1374 2267 authoritate
1391 2233 1462 2268 tuto
1477 2231 1674 2279 acquiescere
1700 2233 1787 2266 licet.
1825 2234 1908 2268 Non

1074 2281 1160 2316 adest
1169 2281 1233 2327 ipse
1246 2281 1377 2327 quidem
1388 2292 1472 2315 nunc
1490 2280 1592 2326 palam
1602 2302 1613 2318 ,
1640 2291 1675 2314 vt
1684 2293 1741 2314 ore
1749 2280 1788 2315 ad
1798 2293 1835 2314 os
1847 2293 1910 2315 no-

1074 2328 1196 2364 biscum
1213 2330 1382 2376 loquatur:
1409 2329 1522 2363 verum
1540 2336 1596 2374 per
1615 2325 1822 2376 quoscunque
1840 2341 1914 2364 eum

1074 2377 1181 2411 audire
1191 2380 1370 2424 contingat,
1389 2390 1457 2411 non
1467 2387 1575 2411 tamen
1584 2376 1642 2410 nisi
1653 2377 1687 2410 in
1703 2389 1777 2412 eurn
1788 2389 1916 2412 recum-

1075 2424 1151 2459 bere
1169 2424 1249 2459 fides
1275 2425 1382 2460 nostra
1400 2424 1514 2471 potest.
1539 2436 1599 2458 nec
1619 2425 1745 2459 aliunde
1762 2426 1913 2470 prouenit

1075 2472 1204 2508 scientia
1215 2477 1301 2508 cuius
1312 2473 1402 2508 simul
1411 2473 1449 2508 fit
1458 2473 1593 2508 mentio.
1602 2474 1689 2508 Nam
1700 2471 1861 2518 profectus
1871 2472 1912 2506 ab

1076 2522 1213 2556 homine
1223 2523 1351 2555 mortali
1370 2520 1473 2556 sermo
1485 2533 1573 2555 aures
1584 2521 1715 2568 quidem
1734 2521 1867 2567 implere
1877 2524 1911 2554 &

1077 2569 1186 2604 satiare
1198 2569 1318 2615 poterit
1331 2583 1339 2602 z
1360 2569 1410 2604 sed
1429 2570 1572 2603 animum
1584 2569 1616 2602 in
1626 2569 1795 2614 tranquilla
1805 2567 1912 2602 salutis

1077 2618 1193 2653 fiducia
1203 2629 1365 2663 nunquam
1375 2616 1524 2655 stabiliet,
1542 2627 1576 2650 vt
1587 2617 1705 2650 merito
1715 2614 1745 2650 se
1755 2617 1912 2662 glorietur

1077 2666 1155 2700 scire
1165 2666 1220 2712 qui
1230 2665 1359 2699 audiuit.
1386 2666 1476 2710 Ergo
1487 2666 1519 2698 in
1531 2664 1593 2699 fide
1603 2664 1666 2698 hoc
1675 2664 1814 2708 primum
1826 2663 1870 2699 est
1877 2673 1914 2698 vt

1079 2713 1243 2749 Christum
1253 2710 1385 2746 sciamus
1395 2712 1454 2746 esse
1465 2713 1518 2758 qui
1529 2724 1583 2757 per
1593 2711 1666 2745 suos
1678 2710 1842 2745 ministros
1859 2712 1912 2746 lo-

1079 2763 1185 2808 quitur
1197 2774 1204 2794 :
1223 2760 1340 2794 deinde
1349 2771 1383 2796 vt
1394 2762 1481 2794 suum
1494 2760 1539 2792 illi
1550 2759 1710 2792 honorem
1721 2758 1911 2799 tribuamus,

1078 2811 1140 2844 hoc
1150 2808 1205 2846 est,
1218 2820 1259 2841 ne
1268 2805 1452 2841 dubitemus
1462 2805 1521 2840 effe
1530 2806 1628 2840 fidum
1639 2818 1672 2839 ac
1683 2817 1827 2842 veracem
1838 2830 1849 2847 ,
1873 2819 1909 2843 vt

1078 2858 1150 2892 freti
1161 2869 1224 2891 tam
1236 2866 1323 2890 certo
1333 2854 1480 2891 authore,
1491 2854 1523 2886 in
1534 2853 1600 2887 eius
1610 2853 1792 2889 doitrinam
1804 2853 1911 2891 secure

1077 2905 1276 2945 recubamus.
1287 2902 1447 2937 Caeterum
1459 2901 1545 2947 quod
1560 2903 1661 2935 lesum
1671 2901 1795 2936 Mundi
1798 2907 1912 2949 serua-

1076 2966 1169 2989 torem
1181 2955 1217 2990 ὠ·
1226 2953 1251 2983 C
1253 2950 1383 2984 hristum
1391 2950 1559 2996 praedicant
1568 2973 1578 2989 ‚
1596 2950 1627 2983 id
1636 2950 1847 2995 proculdubio
1858 2951 1912 2986 ha-

1078 3004 1155 3036 bent
1167 3013 1202 3034 ex
1212 2999 1329 3032 auditu:
1339 2998 1435 3034 Vnde
1445 2998 1810 3046 colligimus‚Euangelij
1824 2999 1909 3034 surn-

1079 3063 1162 3085 mam
1178 3049 1256 3081 intra
1266 3045 1398 3080 biduum
1411 3043 1594 3080 familiarius
1612 3047 1674 3081 illis
1685 3046 1796 3082 fuisses
1811 3048 1910 3083 Chri-

1078 3099 1124 3134 sto
1136 3095 1280 3130 traditam
1290 3093 1386 3141 quam
1395 3094 1546 3129 hactenus
1557 3094 1787 3141 Hierosolymae
1797 3094 1908 3130 fuisset.

1078 3147 1118 3181 Et
1130 3141 1276 3178 Christus
1285 3141 1412 3176 salutem
1425 3155 1519 3189 quarn
1530 3144 1695 3182 attulerat,
1713 3145 1773 3178 toti
1784 3144 1906 3177 mundo

1079 3203 1284 3227 communem
1295 3188 1354 3224 esse
1366 3189 1493 3225 testatus
1504 3191 1564 3226 est:
1585 3203 1650 3238 quo
1663 3193 1775 3226 melius
1787 3191 1907 3225 intelli-

1078 3250 1189 3289 gerent
1198 3237 1277 3272 adse
1287 3251 1416 3285 quoque
1427 3241 1597 3285 pertinere.
1613 3241 1731 3286 Neque
1741 3240 1826 3273 enim
1838 3251 1909 3273 tan-

1079 3301 1171 3333 quam
1182 3286 1346 3334 legitimos
1356 3286 1492 3322 haeredes
1502 3289 1538 3322 ad
1549 3288 1792 3333 participandam
1804 3286 1909 3322 salutis

1080 3335 1212 3383 gratiam
1236 3347 1292 3369 eos
1308 3335 1523 3371 voeauitt'sed
1536 3335 1645 3370 docuit
1664 3331 1822 3370 sevenisse
1832 3348 1864 3370 vt
1874 3337 1909 3371 in

1080 3383 1144 3419 Dei
1160 3381 1311 3417 familiam
1321 3394 1485 3418 extraneos
1494 3385 1688 3421 admitteret,
1699 3395 1733 3417 ac
1743 3396 1850 3430 pacem
1861 3384 1910 3420 af-

1083 3430 1177 3466 ferret
1188 3431 1226 3465 iis
1236 3432 1289 3478 qui
1301 3433 1411 3477 procul
1427 3443 1527 3466 erant.

1120 3491 1146 3526 4
1153 3491 1172 3523 4
1197 3480 1258 3528 Ipsi
1268 3483 1344 3517 enim
1353 3478 1712 3528 lqfiuufhfiffisspecies
1720 3479 1911 3529 repugnt'ttiae
