2310 3841
398 165 460 203 128
958 153 1031 196 IN
1075 153 1276 195 ACTA
1332 149 1552 196 APOST.

453 249 492 285 23
538 236 658 286 Qum
667 239 780 271 autem
782 224 948 287 fitffiagiit
960 227 1116 284 creaffknt
1126 229 1191 268 illa
1198 227 1406 284 presbyteros
1409 242 1474 284 per
1471 225 1623 283 fingulas
1634 227 1789 283 Ecclaefiae's
1798 257 1808 275 ‚
1824 231 1949 284 precati
1959 234 2031 268 cm
2039 231 2125 271 icini

402 304 468 329 nm
479 291 752 329 commendarunt
764 303 820 326 eos
829 289 1028 334 Domino‚i72
1039 299 1137 341 quem
1147 285 1369 324 crediderant.
2122 284 2124 287 '

449 363 469 385 2
476 363 500 393 4
539 352 582 383 Et
590 345 800 398 transeuntes
804 355 868 398 per
874 343 1031 396 Pisidiam
1039 354 1210 382 venerunt
1221 345 1259 379 in
1269 339 1509 395 Pamphyliam.

10 406 21 425 '>
29 402 67 452 ’Q
79 401 94 439 ἒ
114 406 120 412 “
156 411 166 425 ’-
182 398 202 428 ·=‘.
221 425 224 428 >
237 411 249 427 ἰ
266 414 302 452 '3⁴
325 435 328 438 ,
348 395 394 421 ‘³⁸
447 416 487 450 25
541 408 586 439 Et
595 417 697 455 quum
708 402 838 453 loquuti
847 397 946 453 effent
955 395 1508 453 Pergase-rmonrm,dcst²enderunt
1517 398 1555 434 in
1566 396 1743 436 Attalium.-

0 446 38 493 Ὗ
45 455 83 492 ’ἢ
103 458 128 482 ⁸
139 460 191 510 '⁸2‘
204 450 234 485 ’ἦ
249 451 308 487 ‘'³'ss
326 458 396 492 ⁹⁶⁴}
445 460 491 496 26
535 466 647 511 Atque
655 459 736 496 inde
745 452 951 511 nauigaruat
959 455 1188 500 Antiochiam,
1199 454 1296 492 vnde
1297 452 1442 505 fuerant
1450 453 1602 505 commtsst
1607 456 1725 507 gratia
1741 455 1806 491 Dei
1816 454 1865 493 ad
1871 466 1948 511 epm
1959 455 2053 508 quod
2058 458 2125 498 im..

83 497 160 530 “zv‘
176 508 222 558 'S’
250 507 300 550 *Ἰ
318 495 334 535 ς
352 502 590 580 Upleuetant.
2078 530 2082 533 -

447 584 496 620 27
542 572 664 622 Qum
675 582 784 610 aufem
793 569 867 608 illuc
874 565 1041 623 venissent
1051 595 1060 612 ‚
1071 576 1268 622 congregata
1279 563 1416 619 Ecclesia
1425 575 1609 604 narrarunt
1618 573 1746 618 quanta
1757 561 1881 618 feciffi’t
1890 566 1952 605 illis
1962 573 2052 605 Deus
2062 597 2074 615 ,
2087 567 2127 613 ἀ·

404 624 498 679 quud
505 624 665 664 Gentibus
674 625 846 681 aperuisset
855 626 968 678 ostium
975 623 1074 676 fidei.
1518 646 1522 649 »

342 706 371 725 av
446 685 492 721 28
539 682 673 736 ljgffl'ttt'
684 694 796 722 autem
817 695 880 721 unt
890 681 957 718 illic
963 695 1032 722 mm
1045 693 1090 718 ex
1098 681 1205 734 'guum
1214 689 1343 732 tempus
1353 691 1425 715 cum
1434 674 1608 730 discipula.

251 707 341 747 :se
402 723 553 734 -mm
643 725 780 740 ne-.-

1617 732 1827 746 ..-a-m<-
1838 734 1880 743 --ο
1898 738 1905 742 -
1930 740 1983 747 ,,,.
1999 738 2037 746 .-,
2053 741 2057 743 .

451 792 477 819 23
511 783 537 812 C
547 795 562 813 v
575 793 594 812 m
613 781 751 814 creassent
767 781 985 823 presbyteros.)
1011 779 1089 810 Hinc
1103 788 1222 820 apparet
1236 787 1295 809 non
1307 775 1451 808 sufficere,
1465 773 1604 806 homines
1613 772 1700 806 semel
1716 773 1771 805 rite
1790 773 1922 808 imbutos
1935 773 1992 809 effe
2004 776 2125 819 pietatis

407 825 593 860 doetrinznac
602 837 703 859 tenere
715 827 782 857 fidei
794 825 1005 861 summam,nisi
1015 825 1176 855 continuos
1192 822 1299 854 faciant
1310 817 1483 863 progressus.
1517 819 1591 851 ldeb
1603 820 1734 850 Christus
1753 829 1813 849 non
1829 820 1943 852 tannim
1966 822 2125 863 Apostolos
2142 853 2149 860 ,

407 869 484 902 misit
493 872 542 911 qui
551 873 741 914 Euangelium
752 871 766 902 s
783 882 917 914 argerent
931 893 940 906 ‚
949 870 996 901 sed
1006 868 1081 910 iussit
1092 869 1179 899 etiarn
1191 868 1300 898 institui
1312 865 1438 907 pastores
1447 885 1456 899 ,
1468 875 1502 896 vr
1512 875 1563 906 per
1588 874 1653 895 etua
1663 862 1733 895 effer
1751 862 1823 894 acin
1843 865 2020 906 quotidiano
2029 865 2124 909 vsu}
2140 858 2179 915 (ι

407 915 536 956 uangelij
544 908 719 956 'p'r'aedi'cffim
750 883 841 948 {sune
850 903 1008 946 ordine‘rr'i‘ia
1017 906 1135 944 Chrssfo
1144 911 1269 953 positum
1279 909 1436 941 obseruant
1447 910 1553 940 Paulus
1602 909 1758 943 Barnabas,
1766 917 1856 949 quum
1868 907 1986 951 singulis
1995 911 2126 943 ecclefits

404 959 544 1001 assignant
553 960 690 1001 pastores,
702 971 738 991 ne
749 961 812 1001 post
822 955 1062 992 luun'f'discessum
1073 955 1161 988 cesset
1170 967 1204 987 ac
1213 951 1450 987 fileff‘d‘dffiiria.
1486 953 1773 985 mmcd*
1781 952 2052 987 l‘ocus,·Eccletiam
2063 965 2142 987 non·

403 1003 482 1045 poss'e
491 1004 640 1036 ordinario
651 1005 809 1036 ministerio
819 1015 924 1036 carere:
935 1014 988 1035 nec
1005 1001 1187 1033 Christianos
1197 1011 1294 1033 coram
1305 1002 1372 1030 Deo
1382 997 1490 1029 censeri
1503 1020 1511 1034 ‚
1521 997 1572 1030 nisi
1590 998 1641 1038 qui
1652 1008 1720 1028 roto
1740 999 1804 1028 vitae
1813 997 1893 1029 cursu
1908 998 2039 1030 libenter
2059 998 2125 1032 sunt

402 1048 544 1089 discipuli.
554 1051 756 1091 ·Presbyreros
767 1046 817 1079 hic
829 1050 925 1079 vocari
943 1050 1140 1087 interpretor,
1159 1046 1267 1086 quibus
1282 1043 1447 1074 iniuniium
1464 1052 1524 1073 erat
1532 1041 1659 1072 docendi
1669 1051 1786 1072 munus.
1795 1039 1876 1073 fuisse
1887 1044 1966 1074 enim
1982 1041 2123 1084 quosdam

400 1093 536 1124 duntaxat
545 1104 658 1125 morum
670 1093 755 1125 censo
761 1104 816 1127 res,
827 1104 861 1124 ex
869 1092 961 1123 Paulo
970 1100 1099 1133 apparet.
1131 1093 1192 1121 Iam
1206 1100 1295 1131 quum
1307 1087 1379 1118 dicit
1389 1090 1481 1117 Lucas
1489 1107 1499 1122 ,
1509 1085 1627 1128 singulis
1637 1085 1767 1117 ecclesiis
1783 1085 1934 1127 praefectos
1947 1086 2042 1122 fuisse,
2053 1089 2124 1120 hinc

398 1137 552 1169 discrimen
563 1149 639 1170 inter
649 1149 750 1169 eorum
763 1140 793 1168 δε
803 1136 1013 1178 Apostolorum
1025 1144 1131 1164 munus
1142 1133 1301 1176 colligitur.
1333 1130 1481 1173 Apostolis
1497 1132 1575 1161 enim
1593 1129 1730 1171 nusquam
1747 1140 1809 1160 erat
1829 1140 1906 1161 certa
1921 1130 2076 1163 ssarimsed
2086 1131 2124 1175 ad

396 1181 560 1213 fundandas
569 1181 690 1213 subinde
699 1191 789 1212 nouas
800 1180 932 1212 ecclesias
942 1182 998 1212 huc
1006 1178 1075 1210 illuc
1085 1178 1269 1211 cursitabant.
1289 1175 1421 1208 Pastores
1431 1184 1527 1206 autem
1537 1174 1664 1216 propriis
1673 1172 1800 1206 ecclesiis
1817 1173 1921 1216 singuli
1941 1174 2060 1209 fuerunt
2070 1174 2122 1210 ad-

398 1226 514 1261 dian&
525 1226 602 1268 quasi
612 1227 698 1258 locati
709 1226 745 1257 ad
755 1225 923 1266 praeiidium.

441 1272 458 1300 S
474 1281 489 1300 v
507 1282 519 1300 ε
534 1282 547 1301 r
560 1283 576 1301 R
587 1284 602 1301 A
617 1283 635 1303 G
645 1283 655 1301 1
667 1282 677 1301 r
689 1282 702 1301 s
724 1268 893 1309 creassent.)
916 1268 1044 1300 Verbum
1056 1262 1345 1308 Gxaecumxapowve‘sr
1355 1284 1365 1299 ‚
1384 1261 1525 1305 significat
1540 1261 1651 1304 aliquid
1672 1263 1810 1293 manibus
1822 1261 1941 1305 subla*
1951 1263 2122 1302 decernere,

399 1315 522 1355 qualiter
531 1315 561 1345 in
572 1315 701 1347 comitiis
712 1315 812 1356 populi
823 1314 883 1346 fieri
895 1314 976 1344 solet.
1013 1314 1179 1353 Scriptores
1187 1319 1284 1341 tamen
1305 1307 1486 1339 ecclesiastici
1506 1317 1612 1337 nomen
1630 1306 1786 1348 χωρσπινιάς
1804 1307 1862 1337 alio
1878 1307 1958 1340 sensu
1974 1308 2119 1351 vsurpant:

398 1369 507 1399 nempe
517 1370 571 1399 pro
580 1358 688 1390 solenni
701 1360 894 1391 ordinationis
906 1359 973 1392 ritu,
983 1358 1074 1397 quiin
1087 1354 1243 1396 Scripturis
1254 1362 1375 1384 vocatur
1386 1355 1525 1383 Mannum
1539 1352 1697 1392 impositio.
1741 1350 1834 1382 Porti)
1846 1351 1898 1383 hac
1907 1353 2050 1394 loquendi
2060 1352 2121 1387 fot.

398 1412 444 1432 ma
456 1403 568 1443 optime
577 1404 746 1444 exprimitur
755 1404 883 1446 legitima
893 1403 921 1433 in
934 1401 1064 1432 creandis
1075 1399 1237 1441 pastoribus
1246 1397 1331 1428 ratio.
1350 1396 1540 1436 Presbyteros
1550 1395 1659 1437 eligere
1669 1394 1806 1427 dicuntur
1814 1396 1920 1427 Paulus
1928 1399 1957 1429 δι
1966 1399 2121 1431 Barnabas.

397 1449 443 1477 An
453 1445 501 1477 soli
513 1448 571 1479 hoc
581 1448 695 1489 priuato
706 1449 803 1479 officio
813 1446 933 1478 faciunt?
945 1446 1014 1488 quin
1027 1446 1124 1486 potius
1135 1454 1194 1474 rem
1206 1441 1380 1485 permittunt
1389 1441 1520 1470 omniurn
1534 1438 1680 1481 suffragiis.
1689 1450 1760 1481 ergo
1768 1442 1796 1471 in
1812 1441 1977 1482 pastoribus
1987 1443 2119 1477 creandis

397 1491 490 1522 libera
501 1491 557 1523 fuit
567 1493 668 1534 populi
680 1492 794 1524 eleffio.
806 1490 853 1522 sed
863 1502 898 1523 ne
911 1491 982 1533 quid
992 1487 1172 1521 tumultuose
1179 1487 1274 1520 fieret,
1284 1484 1430 1527 praesident
1441 1484 1547 1516 Paulus
1557 1486 1588 1515 δε
1599 1487 1754 1519 Barnabas,
1763 1483 1840 1527 quast
1851 1485 2061 1518 moderatores.
2069 1489 2117 1520 Sic

399 1535 524 1578 intelligi
538 1536 627 1568 debet
642 1536 822 1568 Laodicensis
833 1535 962 1575 Concilij
973 1536 1124 1566 decretum
1135 1554 1143 1569 ,
1152 1533 1232 1574 quod
1241 1540 1321 1563 vetat
1331 1528 1412 1570 plebi
1423 1529 1599 1560 eiectionem
1611 1529 1758 1570 permitti.

440 1582 461 1610 P
475 1591 491 1611 r<
506 1592 522 1610 tt
537 1592 554 1612 c
574 1593 590 1610 A
603 1591 638 1612 τι
657 1592 722 1612 cum
736 1581 885 1620 ieiuniis.)
917 1579 1033 1620 Duplex
1041 1576 1162 1608 fuitillis
1171 1574 1309 1618 precandi
1321 1573 1425 1605 finis&
1435 1573 1511 1603 ratio
1523 1573 1631 1612 aptior,
1642 1582 1673 1603 vt
1684 1575 1766 1603 Deus
1782 1574 1890 1614 Spiritu
1909 1573 2069 1615 prudentiae
2084 1578 2116 1608 &

398 1622 583 1655 discretionis
594 1637 644 1656 eos
655 1625 794 1667 dirigeret
802 1627 837 1657 ad
847 1624 977 1665 optimos
987 1620 1117 1664 quosque
1127 1623 1158 1652 &
1167 1616 1291 1651 maxime
1301 1616 1426 1647 idoneos
1435 1615 1574 1646 homines
1582 1615 1746 1657 eligendos.
1778 1620 1882 1658 Neque
1898 1618 1977 1648 enim
1997 1621 2115 1651 ramale

398 1668 554 1709 prudentia
569 1670 720 1700 instructos
731 1668 788 1700 esse
798 1676 953 1701 nouerant,
965 1667 1035 1708 quin
1049 1662 1163 1706 possent
1172 1663 1241 1695 falli.-
1251 1671 1305 1692 nec
1313 1659 1426 1692 tantum
1437 1658 1568 1690 fidebant
1578 1657 1629 1689 suae
1637 1659 1794 1701 diligentiae
1803 1681 1812 1694 ,
1824 1660 1894 1702 quin
1903 1661 2007 1693 scirent
2017 1664 2116 1704 praeci.

399 1721 471 1752 puas
483 1722 577 1751 partes
588 1713 616 1742 in
625 1713 682 1743 Dei
692 1712 903 1743 benedictione
913 1710 970 1742 esse
979 1708 1093 1752 positas.
1105 1711 1141 1739 Vr
1151 1706 1285 1750 quotidie
1295 1705 1427 1737 videmus
1440 1714 1535 1742 errare
1543 1704 1698 1734 hominum
1710 1703 1836 1741 iudicia,
1845 1704 1896 1736 vbi
1905 1716 1966 1737 non
1975 1706 2052 1738 adest
2062 1718 2116 1738 cae.

399 1754 477 1786 lestis
487 1757 672 1797 gubernatio:
683 1759 751 1789 &in
764 1756 887 1786 nihilum
896 1753 1030 1786 diffluere
1038 1763 1141 1783 eorum
1151 1751 1277 1784 labores,
1288 1749 1339 1780 vbi
1348 1758 1408 1778 non
1418 1747 1496 1778 adest
1506 1747 1563 1777 Dei
1574 1757 1685 1778 manus.
1705 1751 1772 1779 Haec
1787 1758 1856 1779 vera
1868 1748 1930 1780 sunt
1940 1750 2057 1791 piorum
2065 1762 2117 1782 au.

400 1797 499 1840 spicia,
509 1801 648 1840 Spiritum
659 1802 713 1831 Dei
724 1801 872 1833 inuocare,
881 1800 931 1839 qui
941 1807 1044 1828 eorum
1055 1794 1182 1826 consiliis
1190 1793 1345 1835 praesideat-
1381 1790 1473 1830 de
1482 1789 1501 1820 fi
1512 1791 1543 1821 in
1562 1792 1697 1832 negociis
1713 1791 1856 1822 omnibus
1872 1793 1999 1824 tenenda
2007 1794 2048 1825 est
2057 1795 2117 1827 hate

401 1843 632 1885 regula:quoties
642 1844 678 1875 de
685 1842 815 1874 Ecclesiae
823 1841 1039 1883 gubernatione
1049 1839 1153 1880 agitur,
1164 1848 1226 1879 quae
1234 1846 1295 1868 tota
1303 1835 1340 1865 ab
1351 1834 1414 1865 eius
1427 1833 1551 1864 arbitrio
1566 1834 1694 1874 pendet,
1711 1833 1822 1866 solicite
1836 1835 2000 1880 cauendum
2019 1837 2060 1869 est
2075 1849 2115 1870 ne

402 1887 473 1927 quid
484 1887 532 1917 nist
545 1887 605 1926 ipso
615 1887 689 1917 duce
700 1889 732 1918 δε
742 1885 856 1927 praeside
866 1894 1023 1916 tentemus.
1034 1881 1184 1913 Secundus
1191 1890 1288 1913 autem
1297 1878 1362 1910 finis
1371 1879 1509 1920 precandi
1519 1875 1588 1913 fuit,
1600 1889 1630 1910 vt
1637 1880 1718 1910 Deus
1727 1877 1889 1910 necessariis
1897 1879 2114 1915 donisinstrue-

400 1941 445 1962 ret
455 1932 503 1972 qui
515 1930 600 1962 eledii
611 1929 700 1963 essent
710 1929 845 1972 pastores.
876 1928 971 1971 Magis
981 1928 1060 1960 enim
1071 1927 1158 1958 ardua
1169 1936 1214 1958 res
1224 1925 1263 1957 est
1273 1924 1329 1956 tale
1337 1932 1444 1956 munus
1451 1921 1579 1954 fideliter
1589 1923 1692 1966 exequi
1702 1932 1734 1955 vt
1745 1933 1882 1965 oportet,
1891 1923 1980 1967 quam
1990 1935 2022 1959 vt
2037 1925 2112 1959 suffi-

400 1975 475 2006 ciant
487 1975 617 2006 hurnanae
627 1977 711 2008 vires.
757 1977 834 2017 Ergo
846 1973 900 2005 hac
909 1973 1066 2016 quoquein
1077 1981 1156 2012 parte
1165 1971 1224 2002 Dei
1233 1967 1388 2011 suppetias,
1398 1967 1490 1998 Paulo
1499 1968 1668 1999 &Barnaba
1675 1967 1860 2004 authoribus,
1870 1968 2039 2011 implorant,
2048 1971 2110 2004 Ad-

396 2019 504 2050 duntur
513 2020 780 2062 ieiunia‚tanquam
788 2017 964 2050 adminicula
973 2017 1008 2048 ad
1018 2016 1200 2048 excitandum
1210 2024 1329 2056 precum
1339 2012 1482 2044 ardorem.
1505 2012 1619 2043 Scimus
1629 2012 1708 2044 enim
1718 2012 1802 2054 quale
1811 2011 1845 2044 fit
1854 2013 1964 2055 alioqui
1981 2014 2112 2049 nostrum

396 2062 503 2105 frigus,
515 2075 573 2094 non
584 2064 664 2106 qubd
673 2063 816 2105 perpetub
824 2061 937 2095 necesse
946 2061 979 2094 stt
988 2063 1105 2094 ieiunos
1115 2060 1150 2091 ad
1160 2069 1262 2101 preces
1270 2056 1423 2092 accedere,
1431 2055 1670 2099 quandoquidem
1687 2058 1719 2088 δε
1729 2057 1840 2088 saturos
1855 2059 1938 2089 Deus
1951 2057 1988 2090 ad
2005 2062 2113 2102 gratia-

397 2118 461 2138 rum
473 2107 618 2139 actionem
629 2107 845 2140 inuitat2verfim
856 2107 908 2139 vbi
916 2108 1011 2149 aliqua
1021 2115 1105 2148 vrger
1116 2104 1266 2136 necessitas
1275 2112 1305 2135 vt
1313 2100 1401 2133 solito
1408 2099 1560 2132 ardentius
1569 2110 1706 2136 oremus»,
1717 2101 1803 2132 valde
1813 2101 1885 2133 vtile
1892 2102 1932 2134 est
1942 2103 2111 2136 hocincita-

397 2161 540 2183 mentum.
566 2155 624 2184 lam
636 2153 706 2184 verb
716 2151 898 2193 exposuimus
905 2151 992 2193 quam
1002 2149 1069 2181 seria
1080 2159 1125 2180 res
1133 2148 1166 2180 sit
1175 2148 1320 2190 pastorum
1331 2144 1449 2179 elestio,
1459 2144 1488 2175 in
1498 2154 1554 2186 qua
1562 2142 1670 2176 scilicet
1679 2144 1716 2175 de
1725 2145 1832 2176 tuenda
1839 2145 1969 2177 Ecclefiae
1988 2147 2108 2180 sanitate

394 2196 500 2236 agitur.
535 2198 635 2238 Qare
643 2207 702 2228 non
713 2199 818 2228 mirum
832 2196 884 2231 est,
895 2195 914 2226 st
926 2200 1016 2227 Lucas
1023 2193 1123 2225 scribit
1131 2192 1478 2231 extraordinariaspreces
1486 2187 1568 2220 fuisse
1582 2188 1778 2231 interpositas.
1801 2191 1900 2230 Atque
1917 2189 1995 2222 hunc
2005 2192 2107 2234 ieiunij

394 2239 473 2270 vsum
484 2243 514 2272 δε
523 2241 595 2272 alios
606 2240 759 2272 obseruare
768 2251 861 2282 operae
869 2240 994 2281 pretium
1005 2239 1057 2274 est,
1066 2249 1103 2270 ne
1113 2238 1269 2280 fingamus,
1281 2246 1312 2268 vt
1319 2233 1447 2276 Papistae,
1456 2242 1531 2273 opus
1541 2230 1598 2264 esse
1608 2233 1802 2265 meritorium:
1810 2234 1857 2265 vel
1866 2235 1896 2265 in
1904 2244 1941 2265 eo
1951 2235 2108 2270 statuamus

392 2283 504 2314 cultum
516 2285 653 2319 Dei,ct¹tm
665 2283 751 2327 perse
760 2286 832 2316 nihil
843 2284 887 2321 sit,
897 2295 952 2317 nec
962 2284 1120 2326 quicquam
1130 2282 1275 2314 momenti
1285 2280 1362 2322 apud
1371 2280 1469 2309 Deum
1480 2276 1650 2313 habeatmifi
1662 2287 1804 2320 quatenus
1813 2277 1871 2308 alib
1881 2277 2014 2311 refertur.

433 2330 486 2358 Co
498 2341 517 2358 κ
530 2341 549 2358 m
561 2341 571 2360 r
584 2342 595 2359 s
607 2340 622 2359 ε
638 2340 657 2358 R
668 2342 686 2360 v
698 2340 717 2359 u
729 2341 747 2360 τ
771 2340 788 2359 a
802 2341 820 2358 o
839 2340 850 2358 s
882 2340 902 2360 n
915 2339 934 2360 o
944 2341 963 2359 u
975 2340 986 2358 1
998 2340 1015 2358 u
1031 2340 1048 2356 o
1060 2328 1092 2366 .)
1126 2328 1203 2358 Hinc
1220 2324 1318 2368 primb
1330 2322 1497 2364 colligimus
1508 2343 1516 2357 ‚
1527 2332 1664 2364 quantam
1686 2321 1790 2353 Paulus
1799 2324 1830 2353 δε
1848 2323 1992 2354 Barnabas
2009 2335 2110 2359 curam

387 2370 545 2403 habuerint
556 2383 657 2403 eorum
668 2371 775 2407 salutis,
783 2373 832 2413 qui
843 2373 969 2413 ipsorum
980 2381 1047 2402 cura
1057 2373 1087 2402 δι
1098 2371 1200 2402 labore
1209 2369 1341 2402 conuersi
1351 2377 1432 2398 erant
1443 2365 1480 2397 ad
1488 2366 1662 2397 Dominum.
1671 2366 1822 2397 'festantur
1832 2367 1934 2403 etiam>
1942 2368 1971 2399 in
1981 2368 2036 2400 hac
2044 2380 2107 2400 car-

387 2416 433 2445 nis
443 2416 610 2448 infirmitate
619 2416 750 2457 pluribus
759 2417 896 2456 periculis
905 2416 1053 2446 obnoxios
1063 2413 1117 2444 esse
1127 2416 1264 2446 homines
1275 2437 1283 2450 ,
1291 2414 1378 2455 quam
1388 2420 1420 2441 vt
1431 2409 1539 2440 stabilis
1549 2409 1645 2440 futura
1655 2410 1687 2442 fit
1699 2410 1814 2452 propria
1830 2410 1940 2443 virtute
1958 2422 2062 2445 eorum
2072 2413 2107 2444 fi-

389 2458 449 2489 des.
459 2461 516 2491 hoc
526 2472 598 2501 ergo
609 2461 727 2493 vnicum
738 2458 793 2491 esse
804 2459 962 2500 praesidium
973 2480 982 2493 ,
991 2457 1009 2488 fi
1019 2458 1161 2498 perpetuo
1172 2458 1315 2489 custodiat
1333 2454 1481 2486 Dominus
1492 2463 1566 2493 quos
1576 2452 1663 2485 semel
1679 2455 1799 2497 recepit.
1821 2454 1966 2487 Caeterum
1983 2457 2050 2489 cum
2062 2458 2108 2489 di·

388 2505 427 2535 cit
440 2508 527 2535 Lucas
538 2504 761 2536 commendatos
772 2502 852 2534 fuisse
862 2506 928 2533 Deo
939 2504 968 2532 in
980 2511 1066 2543 quem
1076 2501 1273 2536 crediderant,
1284 2511 1343 2531 nori
1354 2507 1455 2539 parum
1471 2496 1541 2527 hinc
1555 2496 1667 2530 fiduciae
1684 2499 1720 2530 ad
1729 2510 1783 2530 nos
1792 2499 1867 2531 redit
1876 2511 1886 2531 .·
1896 2500 1964 2542 quia
1973 2501 2031 2533 hoc
2040 2512 2108 2544 pro-

387 2549 482 2589 prium
495 2552 560 2580 Deo
571 2559 675 2580 munus
685 2549 809 2589 assignat.
818 2547 927 2578 seruate
938 2549 968 2578 δε
981 2546 1054 2576 tueri
1066 2544 1234 2586 quicunque
1244 2555 1309 2575 vera
1320 2543 1375 2573 fide
1386 2541 1510 2572 verbum
1524 2541 1587 2572 eius
1604 2543 1729 2583 amplexi
1739 2544 1814 2576 sunt.

424 2607 456 2629 24
491 2596 515 2623 T
527 2607 543 2624 n
556 2607 570 2623 A
587 2606 602 2624 N
615 2605 628 2624 s
639 2606 654 2624 E
666 2604 684 2624 v
697 2605 715 2623 u
724 2605 746 2631 ,τ
760 2603 775 2622 ε
790 2604 802 2622 s
821 2589 989 2628 Prfidiam.)
1024 2593 1084 2620 sam
1100 2589 1226 2620 diximus
1235 2588 1355 2618 Paulum
1367 2589 1396 2618 &
1407 2584 1568 2616 Barnabam
1579 2585 1688 2619 veniffe
1696 2587 1883 2620 Antiochiam
1894 2587 2012 2620 Pifidiae.
2025 2600 2104 2622 nunc

388 2638 510 2669 redituri
522 2639 710 2669 Antiochiam
719 2635 894 2677 Syriae,vnde
903 2634 1006 2666 dimissi
1016 2632 1140 2668 fuerant,
1148 2631 1298 2664 transeunt
1309 2643 1358 2671 per
1368 2629 1645 2673 Pamphyliam,quae
1653 2632 1750 2663 media
1760 2641 1820 2662 erat
1829 2633 1913 2674 regio
1923 2633 2020 2664 versus
2028 2636 2106 2664 Tau·

390 2693 452 2713 rum
466 2692 607 2713 montem.
618 2685 716 2723 Pergae
725 2690 821 2712 autem
833 2683 864 2711 &
878 2679 983 2710 Attalia
993 2678 1092 2709 vicinae
1102 2675 1164 2707 sunt
1174 2676 1270 2708 vrbes.
1292 2676 1383 2715 Qod
1392 2683 1490 2704 autem
1503 2672 1532 2704 in
1541 2676 1628 2707 altera
1637 2675 1748 2707 tantum
1764 2675 1927 2706 sermonem
1939 2687 1991 2707 eos
2007 2675 2104 2709 fecisse

392 2737 486 2757 narrar
497 2730 598 2760 Lucas,
609 2727 757 2757 conjicere
767 2724 836 2755 inde
846 2725 926 2758 licet,
937 2733 996 2754 non
1007 2721 1118 2764 vbique
1125 2721 1253 2764 oblatam
1263 2720 1318 2752 illis
1328 2717 1407 2752 fuisse
1417 2716 1543 2750 docendi
1554 2718 1748 2755 occasionem,
1757 2730 1844 2762 quam
1856 2718 1961 2764 n‘ullibyi
1972 2721 2103 2765 neglige-

393 2782 425 2802 re
440 2772 485 2801 vel
497 2772 713 2812 prsetermittete
724 2769 798 2800 soliti
810 2768 883 2799 sunt.
1950 2766 1951 2769 ’

442 2824 475 2846 26
522 2818 544 2844 V
558 2826 575 2844 n
590 2827 609 2845 t>
622 2827 637 2846 a
664 2826 682 2845 c
699 2827 716 2843 o
728 2825 747 2845 Μ
766 2824 785 2843 Μ
801 2825 817 2844 ε
833 2825 849 2842 Ν
863 2824 883 2843 t>
897 2824 911 2842 A
926 2822 965 2842 τι
993 2822 1008 2841 1=
1019 2821 1036 2841 v
1049 2822 1065 2841 s
1080 2821 1098 2840 κ
1112 2821 1128 2840 Α
1144 2821 1162 2839 n
1173 2810 1224 2849 τ.)
1243 2810 1362 2840 Poterat
1380 2808 1481 2841 dicere
1500 2813 1593 2841 Lucas
1610 2809 1785 2840 constitutos
1800 2807 1861 2839 illic
1869 2807 1951 2841 fuisse
1961 2808 2104 2841 Gentium

399 2859 567 2897 Apostolos,
578 2857 623 2890 sed
632 2860 789 2889 verborum
801 2857 922 2887 circuitu
933 2856 1036 2887 clarius
1046 2854 1180 2896 exprimit
1189 2864 1284 2894 neque
1295 2854 1461 2885 humanitus
1472 2850 1553 2885 fuisse
1563 2851 1693 2884 dimissos
1704 2874 1712 2888 ,
1724 2863 1777 2883 nec
1787 2863 1838 2884 eos
1847 2853 1969 2893 propriae
1986 2854 2103 2885 virturis

399 2902 506 2934 fiducia
514 2905 668 2946 quicquam
680 2900 824 2944 aggressos
830 2899 946 2934 effe‚se‹i
956 2909 1049 2931 totam
1060 2898 1274 2940 expeditionem
1283 2897 1339 2929 vni
1347 2908 1412 2929 cum
1421 2896 1543 2929 successu
1553 2903 1619 2931 Deo
1629 2897 1709 2929 illius
1716 2896 1831 2928 authori
1841 2895 2102 2938 fuiffepermiffam.

400 2946 507 2977 Eorum
517 2959 588 2989 ergo
600 2949 765 2989 praedicatio
777 2944 899 2977 nonfuit
910 2945 1068 2975 humanum
1078 2953 1164 2984 opus,
1175 2942 1219 2974 sed
1227 2943 1331 2973 diuinae
1339 2945 1442 2983 gratiae.
1475 2945 1510 2973 Et
1526 2953 1635 2973 nomen
1644 2940 1749 2973 Gratiae
1759 2951 1818 2972 tam
1835 2941 1870 2972 ad
1881 2941 2002 2982 Spiritus
2012 2941 2104 2972 virtu-

399 2998 460 3022 tem
472 2993 502 3021 δε
511 2993 678 3027 efficaciam,
688 2991 773 3032 quam
783 2990 818 3022 ad
829 2990 939 3030 reliqua
949 2989 1048 3019 omnia
1059 2986 1166 3018 fauoris
1175 2987 1249 3029 signa
1256 2984 1387 3018 refertur:
1398 2987 1464 3028 quia
1474 2987 1632 3028 gratuitum
1651 2986 1690 3027 est
1701 2985 1841 3027 quicquid
1851 2985 1994 3026 donorum
2005 2985 2033 3014 in
2044 2984 2100 3016 ser-

399 3044 454 3065 uos
463 3032 476 3064 s
475 3045 526 3064 uos
536 3034 649 3067 confert
658 3035 796 3066 Deus.Sic
805 3044 902 3066 autem
912 3032 1016 3064 resolui
1027 3032 1121 3074 potest
1129 3033 1329 3064 oratiozDeum
1337 3028 1418 3062 fuisse
1426 3041 1573 3073 precatus,
1584 3041 1614 3063 vt
1625 3027 1744 3073 gratiam
1754 3029 1830 3061 suam
1845 3038 1975 3062 exereret
1988 3029 2023 3061 ad
2032 3040 2102 3071 pro-

397 3079 563 3108 mouendos
573 3078 718 3110 seruorum
729 3078 842 3110 suorum
854 3078 978 3109 labores.

427 3134 460 3156 27
493 3124 547 3152 Co
564 3135 580 3153 u
595 3136 610 3153 v
625 3137 643 3154 o
660 3133 677 3153 c
694 3135 740 3153 Ατ
756 3134 771 3152 Α
801 3135 817 3154 ε
832 3134 849 3154 c
864 3133 880 3153 c
895 3134 937 3153 tr.
953 3132 991 3151 st
1006 3132 1021 3150 Α
1052 3132 1189 3152 nnana
1204 3130 1250 3153 nv
1265 3130 1282 3149 n
1297 3116 1347 3156 ϊ.)
1381 3117 1642 3159 Qemadmodum
1660 3117 1755 3150 solent
1771 3117 1866 3161 quiex
1883 3115 2034 3158 legatione
2054 3127 2101 3148 re-

394 3166 465 3197 uersi
474 3164 839 3202 sunt,rationemactorum
850 3167 971 3198 reddere
981 3178 987 3197 :
997 3166 1036 3197 ita
1045 3164 1152 3196 Paulus
1167 3167 1199 3196 δε
1215 3162 1355 3194 Barnabas
1369 3163 1498 3194 Ecclesiae
1511 3161 1643 3194 referunt
1661 3172 1752 3194 totam
1763 3159 1952 3203 profectionis
1961 3160 2012 3191 suae
2027 3159 2102 3193 sum.

392 3221 481 3245 marn,
490 3221 522 3241 vt
530 3210 598 3251 inde
605 3220 701 3251 pateat
712 3211 796 3251 quam
808 3211 933 3242 fideliter
942 3210 1042 3242 versati
1050 3209 1104 3240 sint
1112 3210 1141 3239 in
1151 3204 1341 3239 officimsrmul
1351 3215 1383 3237 vt
1392 3207 1427 3237 ad
1436 3208 1540 3247 gratias
1548 3209 1614 3237 Deo
1624 3206 1763 3249 agendas,
1771 3204 1841 3236 ficut
1850 3214 1896 3235 res
1907 3205 1963 3245 ipsa
1972 3205 2098 3246 amplam

392 3256 540 3287 materiam
549 3250 648 3289 dabat,
660 3255 813 3285 hortentur
821 3254 931 3286 fideles.
961 3254 1035 3285 Ideo
1043 3264 1102 3284 non
1112 3253 1183 3284 dicit
1193 3256 1283 3284 Lucas
1297 3248 1371 3292 ipsos
1381 3249 1537 3283 celebrasse
1547 3261 1592 3281 res
1600 3250 1660 3281 suas
1671 3250 1762 3292 gestas
1773 3262 1779 3280 ε
1789 3247 1837 3279 sed
1847 3258 2024 3291 quaecunque
2035 3252 2098 3280 Do-

392 3299 486 3329 minus
495 3310 546 3340 per
554 3298 629 3342 ipsos
639 3296 767 3339 gesserat.
801 3298 846 3328 Ad
855 3298 977 3330 verbum
989 3298 1040 3332 est,
1053 3300 1130 3328 Cum
1141 3296 1209 3337 ipsis
1221 3309 1227 3328 :
1237 3295 1285 3326 sed
1295 3295 1370 3326 iuxta
1382 3294 1493 3334 phrasin
1504 3295 1608 3336 linguae
1625 3296 1771 3325 Hebraicae
1785 3292 1960 3325 tantundem
1978 3293 2054 3324 valet
2063 3304 2098 3325 ac

390 3340 409 3369 si
421 3340 530 3373 dictum
541 3340 661 3379 esset‚1n
672 3342 738 3378 illis,
750 3342 861 3373 velPer
873 3341 958 3375 illos,
969 3340 1015 3372 vel
1034 3343 1106 3383 Erga
1121 3341 1201 3371 illos:
1213 3339 1260 3371 vel
1270 3337 1455 3381 simpliciter,
1472 3339 1531 3369 mis
1547 3339 1575 3368 in
1593 3339 1712 3369 Datiuo.
1744 3336 1817 3368 Ideo
1835 3347 1893 3367 non
1913 3337 1985 3368 dicit
1994 3340 2096 3373 Lucas,

389 3382 598 3420 costumias&
609 3382 772 3423 μετ’ᾰυτὸν.
809 3386 980 3424 Qodideo
988 3384 1149 3418 admoneo,
1159 3396 1196 3416 ne
1207 3382 1431 3426 quisimperitus
1447 3392 1556 3423 partem
1567 3382 1657 3413 laudis
1667 3381 1757 3413 Paulo
1774 3384 1805 3413 ὃ(
1821 3380 2097 3414 Barnabaeascribat,

389 3427 466 3469 quasi
477 3430 505 3458 in
513 3440 601 3470 opere
609 3430 715 3462 fuerint
727 3431 782 3461 Dei
794 3429 873 3460 socii:
884 3429 950 3460 ctlrn
962 3430 1060 3469 potius
1070 3429 1188 3459 vnicum
1201 3427 1308 3460 faciant
1317 3425 1449 3457 omnium
1461 3436 1521 3468 quae
1531 3425 1661 3468 praeclare
1672 3435 1790 3467 egerant
1800 3447 1809 3461 ‚
1823 3425 1987 3456 authorem.
2020 3425 2096 3456 Sub-

387 3472 450 3504 iicit
459 3474 601 3506 continuio
611 3475 673 3517 post
683 3478 782 3512 Lucas,
793 3473 872 3517 quod
882 3471 1034 3515 aperuisset
1043 3472 1191 3506 Dominus
1199 3471 1350 3504 Gentibus
1359 3469 1462 3503 ostium
1473 3470 1552 3504 fidei.
1583 3470 1718 3511 Qanuis
1729 3470 1805 3502 enim
1816 3469 1851 3502 ad
1861 3479 1962 3512 gentes
1973 3469 2045 3543 rsniffi
2055 3468 2095 3517 εῖτ

1990 3522 2096 3548 euntes

255 984 356 1014 1.Tirn.5.
