2310 3841
635 118 1023 162 SECVNDVM
1073 123 1508 170 IOHANNEM.

1890 158 1937 195 2-7

916 242 1256 301 CAR-111.

252 371 266 396 χ
284 359 374 463 E
381 363 444 393 Rat
452 363 563 392 autem
575 350 671 391 homo
681 367 725 392 ex
736 353 901 407 Pharifieds
910 381 921 396 ,
931 360 970 391 N
971 355 1139 396 icodemus
1148 361 1450 416 nomine‚princeps
1470 364 1562 402 inter
1574 366 1707 407 Iudaeos.

419 412 510 450 2Ht'c
519 413 620 448 vemt
635 409 682 446 ad
689 410 950 462 lesiaem‘noHe,ac
960 410 1050 451 dixit
1059 413 1352 467 illi‚Rabbi‚sctmus
1361 418 1455 472 qubd
1461 418 1481 458 d
1494 428 1564 459 Deo
1576 428 1715 464 venem
1724 426 1955 481 magisterme-

230 484 285 509 ,Μ
297 484 387 509 emm
399 465 559 521 haesfigna
566 465 779 520 potestfacere
790 465 1074 521 quaefhcavstiststt
1083 479 1175 509 Deus
1187 487 1260 510 cum
1271 474 1339 513 illo.

272 540 285 576 3
328 523 504 583 Respondit
515 525 600 578 lesus
611 523 648 568 ά·
658 522 749 561 dixit
759 524 961 569 illaycslmcn
971 539 1067 562 amen
1078 527 1152 568 dico
1162 528 1301 583 abistis?
1307 534 1384 585 quis
1392 533 1515 575 iterum
1529 534 1692 587 natusfit,
1702 550 1772 576 non
1779 541 1886 593 potest
1893 545 1955 580 vi-

228 579 309 619 dere
317 595 458 635 regnum
468 587 548 617 Det-

270 654 297 685 4
341 639 441 677 Dicit
449 636 498 674 illi
505 633 713 684 Ricodemus
724 663 735 678 ,
744 632 922 681 Quomodo
926 636 1137 690 potesthomo
1146 639 1520 700 nasc'i,quumfitftnex÷
1530 649 1692 704 nunquid
1691 650 1798 704 potest
1803 653 1909 706 rursm
1919 655 1956 691 in

227 703 365 733 vterum
373 690 556 744 matroisisae
565 693 660 744 ingre
664 691 714 738 dt,
725 691 763 736 (ῥ’
772 689 871 741 naftz?

268 764 284 800 5
340 749 518 802 Respondit
526 748 758 804 lestis,cslmen
767 759 865 786 amen
884 745 958 787 dtco
967 746 1041 796 tibi,
1054 750 1118 808 nist
1126 752 1199 806 quei
1210 753 1422 807 natmfuerit
1431 773 1571 814 exaqua
1583 761 1622 807 ά*
1635 761 1956 819 Spirituflonpotess

226 805 360 860 ingredi
369 809 405 843 in
413 819 555 862 regnum
569 804 646 840 Dei.

265 869 287 901 5
331 863 566 917 Qodmmm
577 859 622 910 est
628 870 672 896 ex
682 871 870 906 carne,caro
881 860 979 912 ess&
990 860 1085 912 quod
1090 873 1211 901 natum
1221 865 1268 916 est
1274 879 1320 905 ex
1331 873 1604 925 Spirituspiritus
1615 876 1670 928 est.

260 975 274 997 1
325 967 403 997 Erat
411 971 512 995 autem
522 959 604 994 homo
612 972 662 993 ex.
672 964 684 999 )
694 961 793 1008 Nunc
805 961 836 994 in
848 960 983 1007 persona
992 962 1058 997 Ni-

223 1010 348 1044 codemi
359 1009 559 1056 speftandum
578 1008 673 1041 nobis
692 1009 892 1056 Euangelissa
903 1012 1058 1056 proponit

222 1061 317 1105 quam
327 1057 408 1093 fluxa
417 1064 448 1094 δι
460 1057 574 1092 caduca
584 1055 677 1090 fuerit
687 1069 798 1091 eorum
811 1058 903 1096 fides,
930 1070 984 1105 qui
995 1060 1054 1093 mi-

221 1107 335 1140 raculis
346 1105 505 1141 commoti
527 1104 660 1140 Christo
672 1106 803 1151 repente
819 1120 939 1141 nomeu
955 1108 1055 1142 ‹lede-

219 1166 299 1195 rant,
309 1155 373 1189 Hic
383 1155 470 1190 enim
483 1166 582 1200 quum
592 1153 885 1189 ordinePharisaeus
896 1155 968 1189 effer
985 1178 996 1194 ‚
1023 1159 1055 1190 δε

217 1203 396 1248 principem
405 1204 513 1237 locum
531 1213 655 1236 teneret
664 1200 760 1236 in'sua
771 1216 866 1251 gente
876 1227 885 1243 ‚
895 1205 994 1251 longe
1005 1203 1053 1237 su-

217 1263 274 1297 pra
284 1253 363 1285 alios
375 1252 527 1286 excellere
542 1249 663 1286 debuit.
673 1252 790 1284 namin
802 1253 900 1300 vulgo
911 1264 943 1286 vt
953 1254 1053 1298 pluri—

218 1312 307 1334 mum
319 1307 429 1348 regnat
438 1300 562 1334 leuitas.
573 1300 669 1333 Hunc
680 1310 784 1336 autem
801 1302 855 1348 qui
866 1301 1012 1335 doctrina
1021 1305 1053 1336 δε

217 1347 270 1380 vsu
289 1348 432 1394 pollebat
448 1371 458 1386 ‚
485 1359 613 1394 grauem
624 1359 754 1394 quoque
772 1352 804 1383 δι
813 1349 979 1383 cordatum
990 1348 1052 1382 ho-

218 1396 341 1430 minem
356 1394 416 1430 effe
425 1396 496 1443 quis
503 1405 572 1430 non
584 1395 727 1445 putasset?
739 1398 838 1443 Atqui
855 1410 890 1431 ex
900 1396 1050 1443 responso

218 1444 340 1479 Christi
351 1445 473 1480 constat
489 1457 505 1484 ·‚
529 1443 612 1478 nihil
621 1444 730 1479 mimis
748 1446 842 1490 quam
854 1447 890 1480 ad
904 1445 1052 1480 discenda

216 1492 344 1537 pietatis
354 1493 532 1527 rudimenta
541 1502 682 1538 paratum
693 1491 820 1527 venisse.
840 1494 869 1528 Si
882 1495 1051 1538 primarius

217 1540 301 1573 inter
312 1542 397 1575 viros
413 1540 519 1574 minus
531 1539 575 1573 est
584 1540 680 1586 quam
689 1551 778 1584 puer,
789 1542 865 1587 quid
877 1543 916 1574 de
927 1542 1050 1587 promi-

215 1588 291 1622 scuo
303 1600 400 1636 grege
410 1586 624 1622 sentiendum?
649 1590 843 1634 Qanquam
855 1601 959 1623 autem
971 1602 1051 1624 con-

217 1635 318 1670 filium
330 1635 540 1683 Euangelistae
556 1633 757 1669 fueritnobis
774 1639 861 1670 velut
879 1638 912 1670 in
923 1636 1051 1684 speculo

216 1684 392 1719 monstrare
411 1685 507 1731 quam
526 1685 616 1730 pauci
641 1684 879 1731 Hierosolymis
897 1686 936 1720 ad
967 1686 1052 1720 reci-

215 1733 369 1778 piendum
379 1734 588 1778 Euangelium
605 1733 664 1766 rite
674 1733 813 1779 dispofiti
824 1731 921 1768 effent
944 1757 954 1773 ,
981 1735 1052 1768 aliis

215 1791 323 1814 tamen
350 1781 538 1816 nominibus
556 1781 621 1815 haec
639 1781 734 1816 nobis
753 1781 884 1816 historia
909 1783 1052 1828 apprime

216 1829 303 1863 vtilis
321 1829 365 1864 est
395 1843 402 1864 :
439 1843 474 1864 ac
483 1829 651 1875 praesertim
665 1830 752 1875 quod
763 1830 793 1864 in
805 1843 840 1864 ea
850 1832 1003 1864 docemur
1013 1831 1052 1864 de

215 1889 360 1923 corrupta
372 1876 502 1911 humani
514 1877 639 1923 generis
650 1879 842 1923 natura‚quis
855 1880 960 1913 rectus
969 1878 1004 1912 fit
1016 1880 1049 1911 in

214 1924 356 1959 scholam
367 1924 489 1959 Christi
500 1923 653 1970 ingressus
661 1947 671 1962 ,
682 1924 797 1969 quibus
807 1926 908 1960 initiis
917 1925 1050 1961 formari

216 1985 279 2006 nos
296 1974 334 2006 ad
362 1969 542 2017 profestum
571 1971 699 2005 caelestis
718 1971 872 2006 doetrinae
889 1985 1048 2019 oporteat.

218 2021 402 2055 Concionis
413 2019 500 2054 enim
518 2031 614 2066 quam
626 2019 722 2053 habet
741 2018 885 2054 Christus
895 2020 958 2055 haec
969 2021 1051 2055 sum-

216 2081 268 2102 rna
279 2068 322 2102 est
331 2091 340 2106 ‚
351 2080 386 2102 vt
396 2068 462 2102 veri
474 2067 567 2101 limus
577 2067 645 2101 eius
656 2066 812 2112 discipuli,
823 2080 884 2101 nos
900 2080 1051 2114 oportere

215 2116 285 2150 fieri
297 2129 400 2151 nouos
409 2115 570 2150 homines.
608 2116 732 2150 Verum
743 2127 910 2162 antequam
921 2112 1052 2164 lbngius

213 2165 441 2212 progredimur
451 2186 461 2203 ,
472 2177 508 2198 ex
517 2162 751 2199 circumstantiis
769 2176 843 2209 quas
853 2164 1052 2212 Euangelista

216 2212 268 2248 hic
278 2213 577 2258 recitat,expendere
585 2213 736 2246 conuenit
748 2224 815 2257 quae
834 2214 1052 2258 impedimen-

214 2271 246 2295 ta
262 2262 486 2296 Nicodemum
504 2260 665 2294 tenuerint
684 2273 724 2293 ne
742 2258 773 2294 se
792 2271 896 2294 totum
916 2261 1050 2296 Christo

215 2310 314 2344 daret.
351 2313 401 2343 Ex
412 2308 573 2351 Phartfiebs.
584 2310 659 2343 Hoc
678 2307 811 2355 quidem
829 2307 1050 2344 honorificum

213 2357 406 2392 Nicodemo
418 2356 477 2390 fuit
486 2358 568 2403 apud
579 2356 666 2390 suos:
677 2356 726 2390 sed
737 2356 938 2403 Euangelista
950 2358 996 2391 illi
1011 2358 1050 2391 ti-

214 2405 315 2440 tulum
329 2405 413 2439 hunc
423 2418 489 2439 non
499 2405 610 2439 tribuit
620 2405 756 2438 honoris
774 2404 870 2438 causa:
883 2405 933 2439 sed
944 2406 1053 2451 potius

215 2455 415 2488 obstaculum
425 2452 512 2487 fnisse
523 2463 612 2486 notat
623 2465 688 2499 quo
699 2452 804 2486 minus
814 2452 914 2487 libere
924 2457 956 2488 δι’
965 2452 1048 2487 solu-

199 2518 201 2521 ·
213 2513 248 2537 to
259 2503 367 2536 animo
376 2502 415 2536 ad
426 2501 589 2536 Christum
608 2500 744 2536 veniret.
765 2501 859 2535 Vnde
868 2514 1051 2540 monemur,

213 2552 269 2599 qui
280 2550 313 2585 in
323 2550 446 2584 mundo
465 2549 624 2584 excellunt
633 2571 642 2587 ‚
654 2559 685 2582 vt
694 2548 868 2594 plurimum
878 2550 1054 2595 implicitos

212 2599 316 2633 teneri
327 2596 468 2644 peffimis
477 2597 598 2645 laqueis
616 2610 626 2632 ι
645 2598 714 2632 imo
726 2597 766 2630 fic
775 2597 921 2631 videmus
932 2601 1052 2633 multos

212 2646 316 2682 teneri
334 2646 526 2681 constrictos
543 2658 578 2681 vt
595 2644 807 2679 neleuissimo
828 2645 960 2691 quidem
972 2658 1051 2689 voto

212 2695 247 2730 in
259 2695 367 2729 caelum
380 2705 448 2728 tota
459 2694 523 2728 vita
533 2693 679 2740 aspirent.
692 2693 776 2728 vnde
794 2693 872 2727 dicti
884 2692 944 2727 fint
970 2695 1052 2729 Pha-

212 2742 291 2778 risaei
310 2742 388 2777 alibi
400 2743 568 2776 docuimus
579 2754 671 2775 :nam
683 2739 768 2788 quasi
779 2742 950 2775 medullam
968 2743 1052 2778 Scri-

212 2802 309 2838 pturae
320 2795 350 2826 &
364 2802 511 2824 arcanum
524 2788 646 2823 sensum
656 2800 804 2823 tenerent
821 2811 832 2827 ‚
851 2789 937 2824 solos
954 2795 1053 2839 Legis

212 2842 401 2885 interpretes
411 2837 441 2871 se
449 2836 509 2872 effe
520 2836 785 2882 ia&abant‚atque
793 2835 851 2871 hac
860 2837 1054 2875 rationevo-

214 2888 328 2923 cabant
338 2886 368 2920 se
382 2885 554 2921 Pherufim.
564 2883 689 2919 Effenis
699 2884 818 2919 tametfi
829 2886 980 2922 austerior
991 2890 1055 2922 vita

214 2934 407 2971 conciliabat
425 2933 594 2968 santstitatis
603 2930 807 2979 famam‚quia
817 2944 923 2969 tamen
936 2938 1054 2971 eremi-

216 2984 256 3019 tis
266 2985 382 3019 similes
391 2984 408 3017 ὲ
419 2982 586 3018 communi
599 2980 662 3014 vita
677 2984 708 3014 δι
728 2981 899 3017 hominum
920 2985 1054 3019 consue—

217 3033 330 3067 tudine
351 3030 543 3066 dissidebant
554 3052 564 3067 ‚
579 3029 654 3063 ideo
671 3028 898 3065 Pharisaeorum
916 3030 997 3068 secl-a
1019 3033 1053 3067 in

219 3080 332 3113 maiori
340 3092 445 3126 pretio
456 3077 840 3126 erat.PorroEuangelista
852 3091 917 3112 non
927 3081 1017 3115 tantu
1025 3095 1053 3116 m

220 3137 452 3163 commemorat
459 3126 678 3161 Nicodemum
688 3125 803 3160 ordine
812 3125 900 3162 fuisse
908 3128 1055 3164 Pharisae-

223 3175 343 3211 um,sed
352 3173 449 3213 vnum
461 3188 496 3210 ex
505 3174 611 3221 gentis
623 3172 680 3206 sua:
689 3173 897 3218 primoribus.

260 3232 280 3253 2
313 3224 346 3255 V
347 3227 407 3256 anit
418 3224 460 3257 ad
469 3224 563 3266 Iefitm
574 3224 666 3255 noete.
676 3223 697 3262 )
734 3222 836 3266 Qod
847 3226 944 3259 norst-u
954 3225 1052 3263 venit,

218 3266 300 3301 *inde
310 3270 405 3304 nimis
415 3272 564 3306 timidum
583 3267 671 3303 fuiffe
689 3271 881 3317 colligimus.
901 3270 956 3306 suo
967 3273 1053 3306 enim

224 3315 391 3359 splendore
402 3320 511 3353 oculos
520 3317 603 3367 quafi
617 3316 797 3361 perstrictos
815 3318 962 3353 habebat.
980 3319 1055 3354 Ob-

225 3362 324 3398 stabat
335 3365 428 3406 etiam
438 3365 520 3400 forte
537 3365 724 3412 pudorzquia
733 3366 892 3413 ambitiosi
905 3367 1054 3401 homines

226 3412 265 3445 de
278 3410 328 3444 sua
345 3409 424 3446 fama
446 3416 550 3451 azffism
567 3413 626 3449 effe
646 3423 754 3455 putant
773 3413 794 3447 si
812 3418 850 3448 ad
869 3414 1053 3448 discentium

223 3460 375 3495 ordinem
395 3472 431 3494 ex
448 3461 615 3508 magistrali
633 3458 757 3508 fastigio
770 3460 865 3497 semel
887 3461 1054 3497 descende-

1111 964 1186 1019 rint,
1203 969 1276 1003 Nec
1286 969 1418 1006 dubium
1429 973 1474 1008 est
1485 977 1561 1022 quin
1572 977 1663 1013 stulta
1672 979 1808 1017 scientiae
1817 983 1950 1030 opinio-

1111 1025 1151 1046 ne
1170 1014 1298 1051 inflatus
1308 1018 1419 1054 fuerit:
1441 1025 1684 1072 deniquequum
1696 1029 1724 1063 se
1737 1033 1845 1077 magni
1865 1031 1951 1068 face-

1109 1071 1175 1115 ret,
1188 1062 1246 1097 fibi
1257 1067 1410 1103 decedere
1421 1073 1591 1120 quicquam
1607 1077 1750 1111 nolebat.
1788 1081 1829 1113 Et
1841 1092 1948 1115 tamen

1109 1110 1242 1164 aliquod
1257 1115 1383 1160 pietatis
1393 1118 1497 1153 semen
1518 1122 1549 1154 in
1569 1123 1650 1157 eose
1668 1124 1789 1171 profert
1812 1150 1822 1166 ‚
1859 1129 1949 1176 quod

1108 1160 1173 1213 Dei
1191 1163 1384 1208 Prophetam
1403 1171 1575 1214 apparuisse
1591 1174 1721 1209 audiens
1737 1198 1747 1214 ‚
1767 1177 1960 1212 doctrinam·

1106 1207 1356 1247 caelitusallatam
1374 1227 1633 1254 noncontemnit
1645 1235 1701 1257 nec
1719 1225 1877 1272 negligit,
1896 1226 1948 1262 sed

1079 1300 1081 1304 Ι
1105 1255 1214 1303 aliquo
1226 1260 1292 1294 eius
1302 1261 1457 1297 deliderio
1467 1276 1603 1303 tenetur.
1630 1273 1717 1317 quod
1731 1272 1867 1308 studium
1879 1287 1948 1310 non

1105 1303 1162 1337 nisi
1176 1317 1212 1338 ex
1225 1309 1287 1342 Dei
1300 1311 1418 1346 timore
1429 1317 1460 1347 ὃ(
1473 1327 1648 1352 reuerentia
1660 1331 1768 1354 natum
1779 1325 1948 1358 erat.Mul-

1106 1354 1276 1408 tostitillat
1286 1355 1401 1394 friuola
1411 1362 1574 1398 curiofitas
1594 1377 1626 1400 vt
1638 1369 1781 1403 derebus
1801 1374 1895 1405 nouis
1912 1384 1947 1405 a-

1104 1402 1365 1450 uide'mquirant:
1392 1408 1521 1445 sednon
1536 1413 1670 1449 dubium
1688 1418 1732 1451 est
1750 1420 1827 1466 quin
1839 1421 1947 1454 Nico-

1104 1448 1235 1504 demum
1256 1455 1374 1502 religio
1393 1457 1595 1496 conscientiae
1611 1463 1713 1498 sensus
1731 1466 1896 1512 impulerit
1912 1479 1947 1504 vt

1105 1497 1227 1534 Christi
1254 1502 1434 1540 doetrinam
1462 1504 1650 1545 familiarius
1684 1513 1772 1548 nosse
1806 1528 1946 1563 cuperet.

1106 1546 1153 1579 Ac
1169 1560 1350 1599 quanquam
1369 1551 1477 1588 semen
1498 1557 1575 1591 illud
1595 1559 1647 1593 diu
1666 1561 1750 1606 quasl
1762 1576 1946 1600 emortuum

1105 1592 1195 1628 latuit
1212 1619 1221 1633 ,
1232 1610 1364 1633 mortuo
1379 1611 1484 1637 tamen
1495 1604 1627 1640 Christo
1638 1607 1774 1644 fruftum
1797 1614 1947 1658 produxit

1105 1644 1232 1695 qualem
1257 1658 1356 1681 nemo
1377 1662 1517 1697 vnqvam
1538 1653 1690 1700 sperasset.
1710 1659 1945 1704 Rabbssfiwmus.

1104 1690 1313 1742 'Inantundem
1328 1697 1434 1732 valent
1445 1700 1510 1734 haec
1526 1703 1620 1737 verba
1633 1706 1690 1739 acii
1707 1707 1828 1743 dixisset
1845 1733 1855 1749 ,
1873 1712 1948 1746 Ma-

1104 1738 1201 1782 gister
1215 1763 1230 1794 .’
1249 1740 1362 1778 scimus
1373 1747 1462 1794 quod
1472 1753 1598 1785 veneris
1619 1754 1838 1801 magister.Sed
1849 1771 1948 1805 quum

1106 1795 1180 1821 tunc
1200 1789 1316 1825 literati
1335 1792 1486 1830 homines
1504 1800 1602 1847 vulgo
1623 1802 1770 1849 Magistri
1799 1806 1948 1842 diceren—

1103 1843 1154 1867 tur
1175 1859 1185 1874 ‚
1205 1839 1407 1876 Nicodemus
1427 1845 1534 1889 priore
1545 1849 1621 1883 loco
1630 1850 1842 1887 Christumex
1855 1868 1948 1890 more

1103 1880 1255 1941 salutans,
1266 1888 1413 1924 vsitatum
1425 1904 1545 1928 nomen
1565 1897 1611 1930 illi
1621 1897 1735 1933 tribuit
1746 1914 1755 1931 :
1770 1901 1878 1946 postea
1891 1916 1946 1936 au-

1104 1940 1169 1965 tem
1189 1945 1209 1965 a
1221 1936 1287 1968 Deo
1300 1936 1424 1972 missum
1443 1940 1503 1975 effe
1517 1941 1669 1980 affirmat,
1688 1948 1743 1993 qui
1759 1949 1943 1995 magisterio

1103 1975 1264 2031 fungatur.
1297 1988 1406 2031 Atque
1423 1987 1462 2020 ab
1482 1989 1545 2023 hoc
1555 1992 1714 2037 principio
1733 1998 1849 2039 pendet
1868 2009 1945 2032 om-

1104 2037 1155 2058 ms
1166 2027 1337 2064 doetorum
1350 2033 1524 2070 authoritas
1542 2038 1573 2070 in
1585 2039 1732 2074 Ecclesia.
1745 2044 1831 2077 Nam
1844 2057 1944 2090 quum

1105 2085 1142 2106 ex
1152 2072 1222 2107 solo
1231 2078 1296 2110 Dei
1306 2079 1407 2113 verbo
1417 2079 1528 2127 sapere
1546 2098 1605 2119 nos
1622 2098 1769 2133 oporteat
1786 2114 1795 2126 ,
1814 2104 1879 2126 non
1891 2095 1942 2139 alij

1104 2121 1190 2155 certe
1199 2123 1348 2161 audiendi
1360 2127 1428 2162 sunt
1437 2129 1493 2163 nifi
1503 2144 1639 2178 quorum
1652 2148 1708 2169 ore
1725 2139 1815 2174 Deus
1830 2141 1941 2189 loqui-

1104 2178 1164 2202 tur.
1188 2173 1227 2204 Et
1235 2174 1411 2209 notandum
1421 2178 1478 2217 est,
1490 2192 1586 2226 quum
1597 2183 1677 2227 apud
1689 2187 1812 2220 Iudaeos
1823 2190 1941 2236 religio

1102 2217 1195 2252 valde
1205 2231 1352 2268 corrupta
1370 2223 1513 2273 &prope
1529 2227 1669 2275 dissipata
1689 2231 1761 2268 effer
1781 2258 1790 2273 ‚
1810 2235 1873 2272 hoc
1892 2249 1940 2272 ta-

1104 2270 1321 2320 medantinum
1339 2270 1464 2318 semper
1486 2274 1574 2310 fuiffe
1589 2289 1747 2315 retentum
1760 2305 1768 2320 ‚
1780 2286 1860 2318 Non
1880 2286 1939 2321 effe

1101 2312 1283 2359 legitimum
1301 2317 1471 2356 doctorem
1491 2324 1549 2357 nifi
1570 2327 1625 2371 qui
1643 2329 1659 2361 :⁸2
1682 2330 1757 2363 Deo
1777 2333 1938 2377 profectus

1104 2372 1185 2414 erar..
1215 2364 1379 2400 Caeterum
1394 2370 1468 2415 quia
1488 2373 1739 2420 nullisuperbius
1759 2392 1793 2414 ac
1804 2379 1940 2416 securius

1103 2410 1282 2463 gloriantur
1293 2415 1358 2448 Dei
1370 2416 1466 2451 titulo
1477 2421 1570 2465 quam
1590 2424 1878 2476 pseudoprophete,
1890 2431 1940 2464 di-

1105 2457 1264 2512 icretione
1273 2459 1325 2497 hic
1338 2475 1420 2509 opus
1430 2466 1474 2500 est
1486 2481 1543 2514 qua
1556 2470 1681 2516 spiritus
1691 2475 1936 2519 prebe'turddco

1102 2504 1229 2559 subiicit
1238 2509 1454 2552 Nicodemus,
1468 2517 1611 2552 constare
1623 2521 1785 2557 Christum
1797 2523 1854 2558 esse
1872 2526 1937 2559 Di-

1104 2565 1228 2609 urmrua
1243 2555 1367 2592 miffnm
1379 2583 1389 2598 ‚
1409 2564 1481 2608 quia
1492 2566 1584 2600 Deus
1596 2565 1680 2602 suam
1692 2571 1723 2603 in
1736 2583 1773 2603 eo
1784 2573 1935 2608 virtutem

1103 2613 1268 2648 potentius
1288 2618 1391 2642 exerat
1410 2612 1505 2657 quam
1526 2625 1558 2647 vt
1570 2618 1676 2661 negni
1696 2617 1875 2662 poffitDefi
1888 2622 1937 2656 illi

1103 2647 1319 2704 adeffefixmru
1328 2667 1432 2690 autem
1442 2671 1501 2703 pro
1512 2662 1665 2702 confesso,
1680 2667 1786 2701 Deum
1798 2671 1841 2702 116
1852 2667 1934 2704 sole-

1103 2711 1137 2732 re
1148 2700 1202 2732 nih
1214 2711 1269 2744 per
1279 2700 1350 2736 suos
1360 2698 1523 2741 ministros
1537 2713 1708 2754 operari,vt
1721 2714 1762 2748 ita
1772 2717 1859 2761 quod
1870 2718 1934 2752 illis

1102 2747 1239 2780 iniunxit
1249 2760 1363 2784 munus
1371 2753 1649 2805 obsignenNeque
1659 2760 1691 2793 id
1702 2771 1936 2811 temere‚quum

1104 2796 1252 2829 miracula
1271 2798 1436 2834 Dominus
1451 2800 1574 2849 semper
1591 2806 1743 2842 doftrinae
1762 2808 1818 2845 suae
1831 2813 1933 2861 sigilla

1105 2843 1163 2877 esse
1175 2844 1322 2877 voluerit.
1330 2846 1431 2882 Recte
1440 2850 1534 2883 etiam
1544 2853 1652 2886 Deum
1665 2852 1738 2890 facit
1747 2860 1875 2895 vnicum
1889 2864 1933 2896 mi

1105 2892 1282 2925 raculorurn
1294 2894 1575 2943 authorem‚quum
1587 2901 1662 2935 dicit
1673 2906 1835 2941 neminem
1846 2908 1934 2955 po‘ss'e

1104 2938 1167 2972 haec
1179 2938 1261 2983 figna
1273 2936 1374 2975 facere
1385 2942 1441 2977 nisi
1450 2947 1539 2980 Deus
1550 2945 1585 2980 fit
1599 2962 1669 2983 cum
1682 2951 1934 2999 illo.peri'11de.n.

1105 2985 1149 3020 est
1157 2986 1214 3020 acfi
1224 2984 1366 3023 assereret
1377 3003 1444 3025 non
1453 2992 1637 3032 humanitus
1648 2998 1783 3038 fieri‚sed
1791 3004 1860 3039 -Dei
1870 3008 1934 3041 vir-

1106 3045 1205 3068 tutem
1216 3033 1265 3067 hic
1275 3048 1420 3083 signare,
1430 3044 1462 3075 &
1476 3043 1578 3087 palam
1590 3047 1782 3084 emi11ere.ln
1802 3052 1932 3094 summa,

1106 3094 1202 3129 quum
1220 3083 1333 3135 duplex
1345 3084 1381 3119 fit
1393 3089 1617 3128 miraculorum
1630 3093 1758 3137 fructus,
1768 3098 1804 3134 ¹vt
1817 3113 1933 3147 praepa-

1104 3142 1173 3164 rent
1183 3134 1218 3163 ad
1230 3132 1460 3171 halen-„deinde
1470 3150 1503 3173 vt
1514 3153 1581 3174 cam
1595 3145 1733 3179 exverbo
1745 3145 1933 3194 concepmrn
1979 3155 1983 3160 “
2002 3158 2004 3160 ’

1106 3178 1221 3212 melius
1233 3179 1444 3218 confirment:
1465 3187 1495 3220 in
1507 3189 1711 3237 prioreparte
1728 3192 1942 3233 Nicodefflu‘s,
1956 3194 1994 3219 ³⁸²⁴
2018 3218 2027 3234 .,
2047 3221 2051 3223 ,

1103 3225 1188 3258 Γθᾶἐ
1197 3225 1394 3269 profecerat,
1406 3235 1477 3279 quia
1489 3249 1597 3271 verum
1614 3241 1678 3274 Dei
1698 3236 1942 3288 Proplietameg}
1973 3250 1988 3268 '-
2033 3249 2036 3252 “

1105 3273 1262 3309 miraculis
1272 3276 1437 3314 Christum
1449 3284 1741 3332 agnostinVitictur
1753 3302 1856 3325 tamen
1869 3294 1933 3329 hoc

1104 3333 1214 3374 parum
1225 3322 1284 3356 ess'c
1295 3324 1442 3362 firmum:
1472 3344 1542 3368 nam
1554 3347 1650 3379 quum
1663 3335 1754 3371 {eme}
1768 3341 1933 3386 Prophetae

1102 3367 1232 3404 fallaciis
1243 3370 1303 3405 suis
1321 3374 1488 3420 imperitos
1499 3393 1562 3414 non
1577 3382 1660 3416 secus
1673 3385 1821 3421 deludant
1833 3391 1929 3436 quim

1102 3415 1125 3449 si
1155 3419 1237 3452 veris
1255 3419 1358 3472 'fignis
1385 3426 1452 3459 Dei
1491 3429 1653 3464 ministros
1679 3431 1708 3466 se
1741 3436 1930 3480 probarent,
1952 3466 1954 3468 -

1103 3465 1195 3511 quale
1231 3467 1399 3506 discrimen
1434 3475 1494 3510 erit
1538 3477 1678 3513 veritatis
1711 3485 1743 3516 &
1764 3487 1932 3533 mendacij,

1711 3531 1809 3576 Cij
