2310 3841
337 1665 428 1687 Roma·

341 1702 395 1719 ear.

470 174 536 218 146
1038 164 1113 205 IN
1157 163 1351 206 ACTA
1408 162 1631 205 APOST.

509 243 536 272 H
548 253 564 270 Α
581 251 595 270 ii
607 248 624 272 ri
640 251 658 270 n
676 250 688 268 s
701 237 842 281 Spiritum
851 236 1024 279 Pythonis.)
1046 237 1178 270 Fabulati
1194 238 1259 271 sunt
1275 241 1375 271 Poetae
1393 236 1554 281 serpentem
1565 257 1574 272 ,
1586 237 1643 272 cuii
1651 237 1796 280 Pythonis
1815 247 1925 270 nornen
1944 250 2022 278 erat,
2033 241 2200 278 confectum

479 283 562 318 fuisse
573 285 692 316 -Plioebi
710 283 839 326 saggiris.
858 285 901 314 Ex
910 283 968 314 hoc
977 282 1122 325 figmento
1133 294 1233 315 natum
1245 284 1284 314 est
1296 284 1373 314 aliud
1384 305 1392 318 ‚
1401 294 1432 313 vt
1441 284 1608 324 arreptitios
1619 283 1762 323 Pyrhonis
1771 283 1868 324 spiritu
1879 284 1965 316 afflari
1975 287 2200 326 dicerent‚forte

482 330 610 361 etiamin
624 329 771 360 honorem
782 327 930 370 Apollinis
938 326 975 359 sic
983 337 1091 359 vocatae
1102 327 1164 358 sunt
1172 328 1354 361 Phoebades.
1376 331 1408 359 δε
1420 331 1510 357 Lucas
1519 337 1671 367 receptum
1682 328 1824 370 loquendi
1843 339 1957 359 morem
1974 330 2103 373 sequitur
2114 346 2120 362 ;
2133 327 2201 375 quia

484 374 566 415 vulgi
577 383 705 404 errorem
716 372 822 407 tradit,
832 375 891 403 no‘n
902 382 1001 403 aurem
1013 382 1073 413 quo
1084 372 1219 403 instinftu
1229 372 1517 412 diuinaiierirpuella.
1542 373 1663 402 Certum
1674 374 1752 403 enim
1766 372 1822 406 est,
1834 371 1884 403 sub
1894 373 1971 404 larua
1983 377 2130 416 Apollinis
2140 378 2201 409 dia.

483 418 588 448 bolum
600 415 690 448 lusisse
701 439 708 452 ,
720 427 751 449 vt
760 417 930 447 idololatriae
939 419 1083 447 omnes&
1096 415 1213 447 fallaciae
1222 419 1251 447 in
1263 417 1325 446 eius
1336 416 1450 459 officina
1459 414 1604 447 fabricatae
1613 415 1691 447 sunt.
1715 417 1805 457 Atqui
1819 417 1914 448 mitari
1932 416 2023 459 posset
2046 421 2199 462 quispiam,

483 462 635 493 diabolum
648 483 657 497 ‚
669 463 750 492 cuius
761 459 882 502 impulsu
893 460 989 503 puella
1000 460 1144 491 clamabat
1153 482 1163 496 ,
1174 471 1234 492 tam
1247 460 1403 492 honorifici
1412 460 1552 501 praeconii
1561 458 1642 490 fuisse
1651 461 1819 495 authorem,
1828 471 1888 503 quo
1898 461 2018 493 Paulum
2030 467 2058 496 δι
2071 468 2156 497 Silam
2167 470 2200 498 ὅ(

482 508 555 537 alios
566 507 701 536 ornabat.
722 516 788 536 riam
799 504 864 537 crim
875 505 906 536 sit
917 506 1062 536 mendacii
1078 514 1158 545 parer
1167 527 1176 541 ,
1186 506 1339 546 quomodo
1349 507 1386 535 ab
1397 515 1432 534 eo
1443 504 1561 545 prodire
1581 505 1680 545 potuit
1699 505 1818 535 veritas?
1843 505 1952 536 deinde
1964 504 2014 548 qui
2035 506 2140 541 fari'tum
2158 511 2199 542 est

482 561 512 582 vt
523 550 624 592 sponte
633 550 733 581 locum
742 551 822 581 daret
832 549 939 580 Christi
950 548 1038 580 seruis
1050 571 1059 584 ,
1067 549 1082 579 a
1092 549 1199 590 quibus
1208 560 1331 590 regnum
1343 549 1405 580 eius
1415 548 1788 590 dessruebarquuomodo
1797 550 2025 582 consentaneum
2044 553 2084 583 est
2103 555 2200 595 plebis

479 596 594 626 animos
603 594 638 626 ad
648 594 827 626 audiendum
836 594 1029 635 Euangelium
1039 592 1203 634 praeparasse
1211 613 1220 628 ‚
1230 594 1314 624 cuius
1322 603 1381 624 tam
1392 591 1511 624 infestus
1520 592 1558 624 est
1567 592 1657 624 hostis
1667 600 1676 622 ἒ
1687 593 1770 624 Nihil
1781 594 1859 626 certe
1875 595 1916 625 illi
1937 596 2029 639 magis
2046 599 2197 639 proprium

477 638 518 670 est
527 658 536 672 2
548 640 634 681 quim
646 649 778 670 auertere
787 640 928 670 mundum
940 638 955 677 a
965 639 1022 669 Dei
1034 639 1143 671 verbo,
1154 639 1201 669 cui
1213 648 1290 669 nunc
1299 638 1479 669 audientiam
1495 638 1644 669 conciliat.
1675 638 1753 669 vnde
1763 648 1821 669 tam
1831 637 1920 670 subita
1933 641 2059 672 mutatio
2069 644 2114 673 vel
2124 639 2199 674 inso-

477 682 546 714 litus
557 691 665 714 motus?
685 683 793 715 Verum
805 683 940 714 diabolus
950 682 1140 713 licinendacii
1150 692 1231 723 pater
1241 682 1341 718 est,vr
1358 680 1452 713 fallaci
1472 683 1603 713 veritatis
1614 692 1749 723 pra-textu
1769 681 1897 724 seipsum
1909 694 1998 727 tegat.
2021 688 2089 729 Egit
2107 688 2199 729 igitur

480 727 587 759 callido
599 727 723 759 artificio
731 729 816 759 aliam
826 727 976 768 personam
988 726 1074 768 quam
1085 725 1174 757 ferret
1183 727 1247 758 eius
1259 737 1358 758 natura
1368 748 1377 762 ,
1387 738 1418 758 vr
1428 726 1544 758 occulte
1561 729 1744 768 penetrando
1751 738 1847 769 magis
1864 739 1996 760 noceret.
2020 741 2053 762 ac
2072 732 2199 773 proinde

438 792 444 797 »
483 772 565 813 quod
575 772 720 803 mendacii
731 782 810 814 pater
821 781 956 802 vocatur:
969 782 1029 801 non
1042 773 1080 801 ita
1091 773 1224 812 accipere
1232 773 1373 803 conuenit
1383 771 1476 813 ‚quasi
1485 769 1598 812 semper
1612 772 1709 811 aperie
1720 775 1751 803 ὃ(
1767 771 1826 802 sine
1845 770 1912 803 fuco
1922 777 2089 806 mentiatur.
2123 778 2196 819 quin

488 818 590 858 potius
598 818 633 848 ab
647 818 708 847 eius
718 816 849 858 obliquis
859 815 969 846 insidiis
979 816 1143 846 cauendum
1154 816 1205 850 est,
1215 827 1250 846 ne
1263 816 1322 846 veri
1332 816 1463 846 colorem
1475 815 1736 850 obrendens35naiii
1749 817 1843 857 specie
1854 828 1907 847 nos
1919 817 2200 860 decipiaiNideinus

491 861 578 892 eiiam
591 872 622 892 vt
631 861 766 902 quotidie
775 860 859 891 simili
871 860 996 891 artificio
1006 870 1112 891 vtatur.
1148 861 1218 902 quid
1229 861 1307 892 enim
1318 862 1411 902 magis
1423 859 1580 902 speciosum
1593 865 1673 901 Papae
1683 860 1789 895 titulis,
1799 861 1908 902 quibus
1920 861 1946 892 se
1966 874 2025 893 non
2037 865 2198 897 aduersaria

489 905 597 936 Chi-isti·
609 928 617 941 ,
627 905 674 936 sed
683 906 824 937 vicarium
833 905 1003 946 §namquid
1015 904 1126 935 solenni
1138 905 1187 935 ilia
1195 903 1363 945 praesatione
1375 907 1466 947 magis
1476 904 1627 946 plausibile
1637 926 1644 939 ,
1655 907 1687 934 In
1699 907 1819 936 nomine
1831 907 1966 943 Domini,
1977 910 2200 940 Amei.÷Sci'mus

488 959 588 981 tamen
600 951 753 981 veritatem
766 970 775 984 ,
784 949 854 980 dum
864 950 905 980 ita
914 950 1091 980 obtenditur
1102 948 1115 979 ὲ
1126 947 1243 981 fallatiis
1254 951 1362 980 Saianae
1372 949 1507 980 ministris
1516 947 1571 980 effe
1582 960 1642 980 cori
1651 960 1797 990 uptam,ac
1808 950 1958 982 mortifera
1968 953 2038 983 tabe
2048 951 2198 984 infessaru-

487 995 606 1036 Duplex
615 995 682 1025 crim
694 993 724 1025 fir
740 997 847 1025 Satanae
858 994 932 1024 ratio
941 994 1134 1035 oppugnandi
1144 994 1310 1036 Euangelii:
1330 1004 1437 1034 nempe
1447 995 1530 1035 quod
1541 994 1697 1035 aliquando
1717 995 1761 1024 via
1772 1005 1835 1035 apei
1844 1005 1872 1026 ra
1884 995 2041 1038 grassatur,
2053 999 2200 1031 interdurn

486 1038 560 1070 veit>
571 1039 730 1070 mendaciis
740 1038 767 1069 se
780 1038 902 1069 infinuat
911 1050 918 1068 ε
928 1039 998 1068 duas
1009 1048 1127 1079 quoque
1138 1038 1228 1070 hibet
1239 1039 1400 1070 mentiendi
1410 1038 1519 1079 species
1528 1038 1574 1069 vel
1585 1039 1654 1068 dum
1667 1038 1742 1071 falsis
1753 1039 1896 1071 docti-inis
1907 1043 1938 1072 δι
1955 1042 2050 1072 crafl'is
2067 1041 2198 1084 supersti-

485 1083 619 1114 tionibus
629 1084 750 1114 verbum
762 1085 817 1113 Dei
827 1083 934 1113 eiicrtit
945 1094 952 1111 ι
964 1082 1010 1113 vel
1023 1084 1092 1112 duni
1104 1082 1130 1113 se
1139 1083 1265 1114 amicum
1277 1084 1359 1114 verbi
1368 1083 1457 1114 astuti:
1466 1082 1602 1113 simulans
1612 1103 1622 1117 ,
1632 1083 1708 1124 quasi
1726 1094 1778 1124 per
1795 1084 1948 1115 cuniculos
1966 1086 2097 1127 obrepit.
2132 1086 2198 1118 imo

484 1137 633 1170 nunquam
651 1127 690 1158 est
701 1137 857 1158 nocentior
869 1127 958 1157 hostis
967 1146 976 1160 ,
987 1126 1074 1168 quain
1085 1127 1155 1159 dum
1167 1127 1193 1158 se
1202 1126 1384 1158 transformat
1394 1128 1422 1157 in
1435 1127 1571 1169 angelum
1584 1127 1668 1157 lucis.
1712 1129 1771 1157 lam
1783 1128 1920 1159 tenemus
1936 1129 2071 1170 quorsum
2090 1130 2199 1172 spesta-

483 1183 525 1203 ret
535 1183 592 1202 ram
603 1171 785 1213 splendidum
796 1172 927 1212 elogium
937 1193 945 1206 ,
957 1181 1018 1212 quo
1033 1171 1152 1203 Paulum
1163 1175 1194 1204 δε
1205 1174 1267 1203 eius
1278 1173 1402 1204 comites
1412 1174 1523 1203 extulit:
1533 1182 1640 1212 nempe
1650 1171 1718 1212 quia
1729 1182 1788 1202 non
1799 1182 1856 1202 tam
1869 1174 2060 1205 commodum
2072 1175 2111 1206 illi
2122 1186 2195 1214 erar,

483 1216 595 1246 bellum
607 1226 640 1246 ex
650 1214 778 1257 pror‘effo
787 1226 887 1257 gerere
897 1226 963 1246 cum
973 1217 1152 1257 Euangelio,
1163 1217 1289 1248 occultis
1296 1218 1408 1248 artibus
1416 1215 1724 1247 tenrauitiabefaciare
1734 1218 1795 1246 eius
1807 1216 1906 1247 fidem.
1941 1222 2015 1249 Nam
2036 1219 2054 1250 fi
2072 1219 2196 1253 admissi}

481 1258 576 1291 fuisset
586 1260 601 1290 Ξι
612 1261 703 1291 Paulo
712 1261 784 1291 illud
793 1261 995 1292 testimonium
1005 1282 1014 1296 ‚
1025 1262 1141 1294 nullum
1149 1262 1274 1303 amplius
1286 1260 1438 1293 discrimen
1452 1262 1528 1291 inter
1542 1259 1695 1292 saliiificam
1716 1261 1825 1292 Christi
1846 1262 2008 1293 doctrinam
2019 1285 2028 1299 ,
2039 1267 2068 1295 δι
2087 1267 2196 1297 satana

481 1304 608 1336 ludibria
619 1304 725 1337 suisset.
759 1305 922 1346 implicitus
934 1307 1222 1337 mendaciitenebris
1231 1303 1712 1347 suissetEuangeliifulgor‚aique
1734 1306 1772 1336 ita
1789 1305 1942 1337 exiinc‘tns.
1975 1308 2032 1338 Sed
2048 1310 2195 1350 qnaeritun

482 1350 786 1388 curianrumlitentiae
796 1352 878 1381 Deus
888 1351 995 1380 Satanae
1004 1360 1169 1391 permittat,
1180 1361 1209 1381 vt
1221 1351 1297 1381 vei-is
1306 1361 1425 1392 quoque
1436 1350 1668 1381 diuinationi‘btis
1679 1349 1797 1381 deludat
1815 1361 1847 1381 ac
1867 1349 1985 1382 fascinet
2000 1352 2120 1384 miseros
2139 1353 2195 1384 ho-

483 1395 587 1425 mines.
621 1405 687 1425 nam
697 1394 805 1424 omissis
813 1404 883 1436 quas
895 1396 930 1426 de
941 1395 1003 1426 eius
1015 1395 1184 1437 perspicacia
1197 1396 1331 1426 nonnulii
1341 1405 1453 1437 agitant
1464 1395 1572 1435 argutis
1581 1392 1826 1434 disputationibus
1836 1416 1845 1430 ‚
1855 1395 1913 1426 hoc
1931 1407 1986 1437 pro
2002 1396 2133 1429 confesso
2151 1398 2195 1430 su-

481 1448 532 1468 mo
542 1460 551 1474 ,
561 1450 620 1470 non
632 1439 682 1469 nisi
691 1439 747 1469 Dei
758 1437 893 1480 permissu
903 1438 1038 1470 vaticinia
1046 1440 1082 1471 de
1094 1440 1181 1470 rebus
1191 1439 1318 1471 occultis
1327 1441 1373 1470 vel
1385 1438 1486 1470 futuris
1497 1438 1636 1480 proferre.
1682 1438 1804 1469 Videtur
1813 1450 1910 1471 autem
1929 1441 1986 1472 hoc
2003 1443 2095 1474 modo
2111 1445 2197 1474 Deus

476 1484 614 1515 homines
625 1483 699 1515 male
707 1484 848 1524 prouidos
857 1493 1004 1524 exponere
1014 1484 1049 1514 ad
1059 1486 1120 1515 eius
1130 1482 1274 1519 fallacias,
1286 1495 1317 1515 vr
1327 1483 1379 1514 sibi
1390 1494 1493 1515 cauere
1505 1492 1662 1524 nequeant.
1696 1494 1760 1513 nam
1774 1482 1839 1514 crim
1853 1484 1981 1515 diuinam
1991 1487 2130 1518 virtutem
2143 1487 2195 1529 spi-

473 1538 541 1559 rent
551 1528 688 1560 vaticinia
698 1549 707 1563 ,
722 1526 835 1560 necesse
846 1527 1011 1568 estquoties
1022 1529 1051 1559 in
1063 1530 1193 1559 medium
1204 1528 1351 1569 prodeunt
1361 1530 1540 1560 ‚reuerentia
1551 1529 1629 1568 tangi
1639 1527 1794 1558 hominum
1805 1529 1919 1560 animos
1929 1551 1938 1565 ,
1949 1529 1999 1561 nisi
2011 1533 2107 1562 Deum
2116 1542 2193 1563 con-

475 1581 621 1604 temnant.
657 1572 833 1614 Respondeo
842 1593 851 1607 ‚
863 1582 1012 1613 nunquam
1023 1573 1129 1603 Satanae
1141 1594 1149 1607 ‚
1158 1582 1272 1603 tantum
1285 1572 1427 1602 diuinitus
1438 1570 1590 1610 permitti,
1600 1570 1650 1600 nisi
1666 1580 1695 1600 vt
1705 1581 1794 1611 poena
1805 1573 1970 1614 deingrato
1981 1576 2090 1607 mundo
2101 1575 2193 1607 suma-

476 1626 540 1648 tur:
557 1618 608 1658 qui
625 1627 683 1647 ram
693 1617 799 1658 cupide
807 1616 990 1646 mendacium
1002 1617 1114 1656 appetit
1124 1637 1132 1650 ,
1141 1626 1171 1646 vt
1182 1615 1284 1657 sponte
1294 1615 1374 1646 malit
1385 1615 1498 1655 decipi,
1509 1614 1595 1656 quam
1607 1615 1719 1644 veritati
1739 1615 1874 1645 obedire.
1909 1617 1956 1647 Est
1974 1619 2052 1649 enini
2073 1620 2191 1651 vniuer-

478 1659 533 1691 sale
542 1661 614 1692 illud
625 1660 731 1691 malum
742 1681 750 1695 ,
762 1659 797 1690 de
808 1670 869 1702 quo
879 1661 1070 1700 conqueritur
1078 1659 1184 1690 Paulus
1195 1681 1202 1694 ‚
1211 1660 1308 1700 primo
1316 1661 1350 1690 ad
1359 1662 1509 1691 Romanos
1519 1669 1612 1699 capite
1623 1680 1630 1693 ‚
1641 1658 1733 1694 Qubd
1750 1659 1885 1691 homines
1902 1663 1999 1692 Deum
2019 1664 2190 1695 naturaliter

481 1715 515 1735 ex
526 1703 758 1745 mundiopificio
768 1705 922 1746 cognitum
935 1713 994 1733 non
1009 1703 1176 1744 glorificent
1193 1725 1202 1739 ,
1218 1714 1251 1734 ac
1269 1705 1422 1734 veritatem
1441 1704 1503 1733 eius
1521 1701 1625 1733 iniuste
1643 1701 1831 1742 supprimant.
1865 1714 1948 1736 tantae
1972 1707 2191 1748 ingratitudinis

478 1748 549 1780 iusta
559 1748 598 1778 est
607 1759 719 1779 merces
731 1769 739 1783 ‚
749 1748 830 1789 quod
840 1750 947 1778 Satanae
955 1746 1074 1777 fraenum
1084 1748 1195 1778 laxatur
1205 1768 1214 1782 ‚
1224 1757 1254 1778 vt
1264 1747 1351 1777 variis
1359 1746 1505 1787 praestigiis
1514 1756 1565 1776 eos
1577 1747 1605 1774 iri
1616 1746 1729 1775 ruinam
1740 1747 1898 1786 piaecipitet
1909 1769 1918 1782 ,
1927 1750 1977 1788 qui
1988 1751 2116 1792 maligne
2132 1750 2158 1782 se
2174 1751 2192 1783 ὲ

480 1795 538 1822 Dei
550 1793 615 1823 luce
624 1801 770 1823 auertunt.
806 1792 936 1833 Quoties
944 1800 1015 1830 ergo
1026 1792 1133 1820 Satanae
1144 1790 1341 1820 diuinationes
1350 1790 1437 1831 legis,
1449 1789 1547 1830 cogita
1558 1789 1658 1819 iustam
1669 1791 1724 1819 Dei
1735 1790 1905 1821 vindictam.
1939 1794 1999 1822 {am
2012 1793 2031 1824 si
2041 1805 2098 1826 tam
2112 1794 2193 1826 seue-⁷

478 1835 510 1867 ῐὲ
519 1835 664 1866 vlciscirur
673 1834 897 1865 Deuslucisluae
905 1844 1108 1874 contemptum
1120 1835 1147 1864 in
1157 1834 1306 1865 Gentibus
1315 1833 1464 1876 profanis,
1473 1844 1534 1874 qriae
1545 1844 1603 1863 non
1614 1833 1672 1864 alio
1691 1832 1778 1875 quiim
1798 1833 1856 1866 caeli
1873 1838 1904 1866 δι
1922 1845 2005 1868 terrae
2024 1839 2192 1881 magisterio

479 1880 588 1911 edoRat
596 1878 658 1909 sunt
674 1898 682 1912 ,
692 1887 805 1920 quanto
815 1879 992 1910 atrociorem
1005 1888 1154 1909 merentur
1162 1888 1284 1919 poenam
1296 1900 1304 1914 ‚
1316 1879 1364 1920 qui
1375 1877 1547 1919 patefaciam
1559 1877 1611 1908 sibi
1623 1878 1651 1908 in
1664 1882 1742 1919 Lege
1752 1881 1782 1911 &
1797 1879 1960 1920 Euangelio
1975 1893 2074 1922 puram
2093 1883 2191 1916 salutis

476 1924 639 1955 doctrinam
649 1942 657 1957 ‚
669 1922 793 1954 scientes
802 1932 835 1954 ac
844 1924 981 1955 volentes
991 1921 1231 1964 suffocanr÷quare
1241 1923 1316 1955 nihil
1325 1922 1465 1958 mirum,fi
1476 1933 1534 1953 tam
1545 1922 1702 1954 licentiosi:
1712 1925 1796 1955 Satan
1808 1922 1861 1954 suis
1869 1923 1990 1956 fallaciis
1999 1937 2049 1967 per
2057 1937 2103 1958 tot
2113 1927 2191 1960 secu-

471 1968 499 2000 la
511 1967 652 2000 mundum
663 1968 894 2002 dementauerit,
904 1978 939 1998 cx
949 1977 1009 2009 quo
1019 1967 1110 2009 impie
1119 1977 1293 2009 contempta
1302 1966 1357 1998 fuit
1373 1967 1525 2009 Euangelii
1547 1966 1670 2003 veritas,
1679 1977 1741 2009 quae
1755 1967 1904 2010 perspicue
1921 1971 2098 2003 innotuerat.
2131 1973 2190 2005 Sed

472 2013 614 2044 obiicitur
623 2011 731 2043 rursum
743 2031 752 2046 ‚
763 2011 860 2043 nullos
868 2012 954 2043 eximi
965 2012 1098 2053 periculo
1108 2033 1118 2048 ,
1129 2022 1220 2053 quum
1228 2011 1300 2043 falsae
1311 2011 1509 2043 diuinationes
1517 2012 1557 2043 ita
1566 2010 1702 2042 volitant.
1711 2022 1808 2054 neque
1818 2014 1898 2044 enim
1909 2013 2189 2058 boniminus¹qti31rn

472 2058 560 2093 mali,
571 2057 641 2088 dum
649 2056 846 2092 obtenebrata
857 2056 896 2088 est
907 2057 1032 2090 veritas,
1042 2055 1232 2088 obnoxiiefse
1252 2055 1389 2088 videntur
1407 2058 1517 2087 satanae
1530 2056 1689 2096 decipulis.
1721 2056 1880 2098 Responsio
1899 2055 1990 2090 facilis
2005 2060 2046 2092 est
2056 2060 2190 2095 ,Etiamsi

470 2100 633 2144 promiscue
643 2102 784 2132 omnibus
795 2100 915 2143 laqueos
924 2100 1025 2132 tendat
1036 2103 1120 2133 Satan
1131 2121 1141 2135 ,
1151 2103 1215 2143 pios
1226 2111 1327 2132 tamen
1337 2099 1440 2132 seruari
1449 2100 1506 2131 Dei
1517 2101 1607 2142 gratia
1617 2121 1626 2135 ‚
1636 2110 1673 2130 ne
1684 2100 1852 2132 irretiantur
1861 2101 1917 2134 vri&
1927 2113 1993 2134 cum
2003 2104 2086 2136 “alfis-
2120 2106 2190 2137 Cla.

472 2147 533 2178 rior
542 2146 628 2178 etiam
639 2146 785 2178 distinctio
795 2146 823 2176 in
834 2147 979 2188 Scriptura
989 2146 1204 2188 traditur‚qubd
1214 2146 1363 2176 Dominus
1372 2145 1429 2176 hoc
1440 2145 1532 2175 modo
1550 2143 1656 2184 probat
1665 2142 1780 2175 suorum
1791 2144 1880 2176 fidem
1890 2149 1923 2178 &
1933 2148 2189 2191 pietatemnepro-

471 2191 528 2222 bos
539 2201 636 2223 autem
647 2200 765 2222 excaecat
776 2200 826 2224 ‚vt
837 2190 1234 2233 pereant‚quemadmodum
1247 2188 1413 2233 dignisunt.
1447 2186 1519 2220 Ide&
1527 2187 1634 2219 Paulus
1649 2186 1753 2221 diserte
1769 2189 1906 2229 exprimit
1923 2202 1984 2223 non
2001 2192 2060 2228 dari
2080 2195 2189 2226 Satanae

476 2236 634 2267 efficaciam
642 2235 766 2269 erroris,
776 2234 826 2264 nisi
834 2236 863 2266 in
873 2245 925 2266 eos
940 2236 990 2277 qui
999 2237 1067 2266 Deo
1075 2234 1197 2278 obsequi
1210 2257 1218 2272 ‚
1229 2238 1260 2266 &
1270 2237 1422 2268 veritatem
1432 2233 1568 2275 ampleffl
1579 2230 1708 2263 recusant
1720 2254 1728 2269 ‚
1737 2233 1798 2264 aad
1808 2232 2001 2267 Thessaloni..
2046 2238 2120 2277 Qo
2129 2240 2189 2270 etii

333 2285 345 2301 ²
355 2274 432 2300 Thess.
444 2284 463 2299 ²·
476 2279 542 2310 satis
550 2278 716 2321 coarguitur
724 2277 859 2311 scelerata
869 2291 972 2311 eorum
983 2281 1118 2321 impietas
1128 2302 1137 2316 ‚
1145 2281 1195 2322 qui
1206 2279 1360 2321 profanum
1371 2279 1469 2309 omnis
1480 2278 1617 2309 doarinae
1627 2287 1831 2319 contemptum
1843 2278 1901 2310 hoc
1910 2290 2047 2321 praetextu
2061 2281 2188 2315 excusat:

301 2326 303 2330 ι
333 2318 415 2334 edi-1²·

479 2323 552 2364 Qb
563 2333 617 2354 nos
625 2333 789 2356 vertemus,
797 2324 936 2365 inquiunt
945 2345 954 2359 ,
963 2323 1029 2355 cum
1038 2334 1083 2355 tot
1093 2336 1126 2356 ac
1136 2336 1196 2356 tam
1206 2324 1293 2357 variis
1302 2324 1413 2355 artibus
1421 2322 1457 2353 ad
1466 2321 1625 2353 fallendum
1636 2321 1854 2362 polleatSatan?
1871 2324 1980 2364 praestat
1997 2325 2084 2367 igitur
2103 2328 2186 2359 omni

478 2368 625 2410 religione
634 2366 745 2398 solutos
754 2367 855 2398 viuere
863 2387 873 2402 ‚
883 2368 971 2409 quam
979 2368 1098 2398 exitium
1110 2370 1198 2399 nobis
1205 2366 1352 2399 accersere
1360 2367 1515 2409 religionis
1526 2365 1630 2396 studio.
1665 2369 1728 2397 Nec
1739 2366 1810 2397 verb
1821 2367 1899 2398 hunc
1908 2379 2018 2400 metum
2029 2369 2102 2402 serib
2118 2382 2188 2403 cau·
2232 2391 2235 2407 ι,

477 2412 583 2444 santur.
615 2411 663 2443 sed
673 2411 738 2442 cnm
749 2411 822 2442 nihil
832 2414 924 2454 magis
935 2411 1054 2452 cupiant
1065 2430 1074 2444 ‚
1083 2413 1168 2452 quam
1179 2412 1238 2443 sine
1248 2412 1307 2443 vllo
1315 2412 1372 2443 Dei
1383 2421 1461 2441 metu
1481 2409 1579 2440 secure
1597 2410 1744 2449 pecudum
1762 2422 1844 2442 moi-e
1861 2413 1958 2454 vagari
1969 2426 1974 2444 :
1985 2415 2119 2455 quoduis'
2128 2416 2186 2446 illis

477 2455 616 2499 effugium
628 2455 738 2497 placet,
747 2455 837 2486 modb
848 2466 884 2486 ne
899 2466 956 2497 qua
966 2465 1017 2485 eos
1027 2456 1133 2496 religio
1143 2456 1300 2486 obstrissos
1309 2465 1417 2486 teneat.
1427 2453 1569 2495 Equidem
1579 2452 1670 2484 fateor
1681 2456 1813 2486 Satanam
1828 2456 1989 2488 innumeris
1999 2458 2095 2490 modis
2110 2459 2187 2491 sacro

477 2502 536 2532 Dei
548 2501 668 2532 nomine
679 2510 739 2531 non
748 2502 842 2530 minus
850 2499 954 2531 callide
964 2499 1049 2541 quam
1062 2499 1195 2540 improbe
1205 2500 1306 2533 abuti,
1316 2497 1458 2539 nimisque
1475 2509 1577 2529 verum
1598 2496 1652 2529 effe
1672 2501 1863 2540 prouerbium
1883 2501 1954 2532 illud
1972 2503 2053 2543 quod
2071 2507 2186 2544 peperit

480 2547 568 2576 nobis
575 2546 746 2586 Papatus‚1n
758 2544 878 2574 nomine
888 2545 1010 2574 Domini
1022 2544 1125 2585 incipit
1135 2553 1224 2573 omne
1235 2540 1369 2574 mali‘izsed
1378 2547 1435 2584 quii
1446 2543 1594 2574 Dominus
1604 2544 1752 2584 pronsitiet
1761 2543 1787 2575 se
1799 2545 1921 2576 doctore
1932 2545 1987 2578 effe
1997 2548 2122 2579 humilii]
2131 2567 2140 2581 ³
2150 2552 2184 2581 δε

478 2589 631 2631 pollicitus
639 2588 670 2620 sit
680 2589 880 2629 propinquum
891 2587 916 2619 se
928 2586 992 2620 sore
1001 2588 1184 2620 restiscorde
1194 2599 1201 2617 :
1212 2597 1301 2628 quum
1311 2587 1415 2617 Paulus
1426 2588 1531 2618 doceat
1543 2587 1666 2618 verbum
1677 2589 1733 2618 Dei
1744 2586 1800 2618 effe
1809 2589 1935 2629 gladium
1947 2591 2080 2631 Spirirus:
2091 2603 2182 2633 quum

476 2634 596 2665 testetur
606 2643 657 2664 eos
667 2634 716 2675 qui
729 2634 822 2674 probe
832 2631 943 2663 fundati
954 2631 1056 2663 suntin
1069 2632 1125 2664 fide
1132 2632 1283 2673 Euangelii
1295 2653 1303 2666 ,
1317 2642 1376 2662 non
1386 2629 1442 2662 esse
1452 2632 1575 2672 amplius
1584 2632 1732 2662 obnoxios
1742 2632 1898 2662 hominum
1908 2634 2081 2675 imposturis:
2090 2647 2182 2677 quum

474 2684 577 2709 Petrus
595 2678 769 2719 Scripturam
783 2687 869 2708 vocet
881 2680 1040 2708 Lucernam
1050 2677 1199 2708 ardentem
1209 2678 1236 2707 in
1245 2675 1314 2705 loco
1324 2675 1482 2717 caliginoso
1496 2687 1601 2718 :quum
1612 2686 1665 2708 nos
1677 2676 1797 2708 minime
1807 2675 1929 2708 frustrari
1947 2689 2034 2719 queat
2051 2680 2183 2723 benigna

473 2722 524 2753 ista
534 2722 641 2754 Christi
653 2722 790 2753 inuitatio
799 2743 808 2757 ,
823 2722 951 2761 Qaerite
963 2743 970 2755 ,
983 2722 1155 2753 inuenietis:
1166 2720 1289 2763 pulsate,
1300 2721 1443 2761 aperieiur
1454 2720 1696 2762 vobis-quicquid
1707 2720 1845 2751 moliatur
1855 2723 1986 2756 Saram&
1996 2723 2182 2768 quascunque

473 2769 610 2798 tenebras
620 2764 770 2797 offundere
778 2776 922 2798 conentur
931 2764 1367 2808 pseudoprophetae‚timendiim
1378 2776 1435 2795 non
1446 2764 1489 2795 est
1498 2776 1534 2795 ne
1545 2765 1654 2806 Spiritu
1664 2764 1824 2806 prudentiae
1833 2767 1863 2797 δι
1875 2765 2056 2800 discretionis
2066 2780 2119 2800 nos
2129 2771 2180 2802 de.

472 2810 608 2853 serat,qui
620 2812 751 2842 Satanam
762 2809 813 2841 suo
823 2811 946 2841 arbitrio
957 2811 1160 2853 compescit,&
1169 2819 1221 2840 nos
1232 2819 1282 2850 per
1292 2807 1374 2840 verbi
1386 2809 1424 2840 sui
1435 2809 1493 2839 fide
1504 2809 1539 2840 de
1548 2810 1600 2840 illo
1612 2807 1683 2840 facit
1692 2809 1850 2850 trii‘iphare.

504 2861 532 2886 18
577 2858 683 2886 ΡΑνιν
693 2866 705 2884 s
718 2854 792 2898 aegre
802 2852 923 2893 ferens.)
949 2855 1018 2886 Fieri
1030 2855 1124 2896 potest
1134 2865 1164 2887 vt
1173 2852 1259 2885 initio
1268 2854 1373 2884 Paulus
1383 2854 1544 2896 neglexerit
1555 2853 1657 2894 puellae
1667 2853 1825 2885 clamorem
1835 2865 1843 2883 :
1853 2855 1919 2895 quia
1931 2855 2060 2895 sperabat
2070 2868 2123 2898 pro
2134 2858 2179 2890 ni-

472 2899 536 2930 hilo
546 2900 679 2930 habitum
691 2900 723 2929 iri
735 2919 744 2933 ‚
754 2902 785 2931 &
796 2897 934 2930 maluisset
943 2896 1046 2940 sponte
1056 2898 1238 2931 euanescere.
1259 2897 1305 2929 sed
1316 2902 1454 2929 continua
1463 2899 1600 2939 repetitio
1610 2898 1722 2928 taedium
1735 2896 1778 2928 illi
1789 2897 1907 2929 demum
1923 2898 2006 2932 affert
2017 2901 2101 2942 :quia
2116 2912 2179 2933 ain-

474 2944 550 2983 plius
559 2942 733 2976 dissimulare
745 2954 803 2974 non
815 2953 948 2985 poterat,
960 2945 1030 2985 quin
1041 2945 1103 2975 eius
1112 2943 1226 2974 fileritio
1235 2945 1266 2974 δε
1277 2942 1415 2982 parientia
1427 2944 1518 2985 magis
1538 2939 1717 2973 insolesceret
1732 2943 1827 2972 Satan.
1862 2942 1970 2974 deinde
1989 2955 2048 2975 non
2064 2944 2178 2977 temere}

474 2987 505 3016 in
516 2988 590 3018 hanc
598 2987 831 3029 prohibitionem
843 2998 998 3028 erumpere
1008 2988 1112 3019 debuit
1122 3009 1131 3022 ‚
1140 2989 1234 3019 donec
1243 2985 1323 3017 certb
1335 2984 1417 3017 sciret
1427 2989 1482 3017 Dei
1494 2988 1601 3018 virtute
1613 2985 1636 3016 se
1646 2983 1701 3016 esse
1713 2986 1880 3017 instrustum
1892 2998 1956 3018 narn
1974 2987 2033 3019 fine
2050 2990 2105 3019 Dei
2122 2990 2178 3021 im-

475 3032 558 3071 perio
569 3031 663 3063 futilis
672 3033 793 3063 &irrita
803 3033 883 3063 Pauli
894 3033 1066 3073 imprecatio
1076 3031 1181 3064 suisset.
1214 3033 1310 3072 Atque
1321 3029 1350 3059 id
1369 3032 1528 3062 notandum
1539 3030 1597 3063 est,
1607 3041 1643 3061 ne
1653 3030 1718 3071 quis
1727 3030 1850 3062 Paulum
1871 3031 1966 3062 nimiae
1981 3030 2175 3067 festinationis
2219 3042 2222 3045 '

475 3074 613 3107 damnare
621 3075 742 3111 audeat,
752 3076 831 3118 qubd
840 3086 898 3108 tam
909 3074 1020 3107 feriiide
1030 3075 1195 3119 congressus
1203 3076 1243 3107 est
1251 3082 1316 3106 cum
1327 3074 1481 3105 immundo
1491 3075 1598 3116 spiritu.
1630 3073 1725 3116 neque
1735 3077 1814 3106 enim
1832 3074 1990 3107 molestiam
1999 3087 2032 3108 ac
2041 3078 2175 3120 indigna-

475 3119 588 3150 tionem
601 3129 739 3160 concepit
748 3139 757 3153 ,
773 3121 822 3151 nisi
832 3121 897 3162 quia
908 3120 1025 3153 videbat
1036 3122 1144 3152 Satanae
1152 3121 1240 3152 astum
1249 3117 1419 3149 inualescere
1430 3141 1438 3154 ,
1449 3119 1498 3150 nisi
1509 3117 1620 3150 mature
1629 3128 1863 3154 occui’rerettnec
1870 3120 2028 3162 quicquam
2037 3123 2172 3158 tenrauit,

334 3150 466 3176 mmm&
476 3162 526 3194 nisi
537 3163 787 3204 Spiritusimpulsu
797 3176 806 3194 .·
816 3176 870 3196 nec
882 3175 999 3196 manum
1011 3165 1156 3196 conseruit
1166 3185 1175 3199 ‚
1185 3163 1236 3196 nifi
1245 3162 1341 3195 eaelesti
1352 3163 1458 3194 virtute
1468 3173 1615 3194 armatam.
1637 3162 1760 3194 Videtur
1768 3169 1865 3194 tamen
1884 3162 1936 3194 sibi
1954 3175 2013 3196 non
2030 3165 2173 3201 constare.

475 3218 564 3249 quum
574 3207 643 3238 alibi
654 3207 788 3248 praedicet
795 3208 823 3239 se
833 3209 917 3240 laetari
926 3219 1100 3252 quacunque
1109 3210 1225 3240 tandein
1235 3205 1386 3239 occasione
1398 3208 1566 3247 promoueri
1577 3207 1766 3248 Euangelium
1776 3206 1873 3237 videat
1883 3226 1891 3241 ,
1901 3209 1989 3239 etiam
2000 3211 2173 3251 perimpro-

474 3252 530 3283 bos
541 3252 675 3284 homines
684 3273 693 3288 ,
706 3253 737 3283 δε
748 3252 797 3293 qu'i
806 3253 871 3283 dara
879 3251 968 3295 opera
976 3252 1128 3285 studebant
1138 3253 1228 3294 ipsum
1239 3251 1360 3284 reddere
1368 3250 1493 3282 exosum.
1514 3250 1690 3291 Respondeo
1701 3272 1710 3285 ‚
1721 3248 1768 3281 hic
1777 3250 1914 3282 diuersam
1925 3251 2006 3284 fuisse
2015 3254 2171 3286 rationem:

472 3299 538 3337 quia
546 3293 688 3338 putassent
699 3306 803 3326 omnes
812 3297 962 3328 colludere
971 3297 1071 3338 puellae
1082 3299 1257 3328 daernonium
1269 3306 1333 3327 cum
1343 3295 1487 3327 Paulo.ita
1497 3306 1555 3325 non
1566 3294 1657 3325 modb
1666 3293 1788 3334 suspecta
1800 3293 1893 3327 fuisset
1901 3297 2050 3339 Euangelij
2062 3297 2171 3330 doari-

337 3357 430 3382 Mater.
472 3338 719 3372 na‚sed‘recidiss’et
727 3341 756 3370 in
766 3350 876 3371 merum
885 3341 1088 3379 ludibriumJn
1099 3342 1175 3374 hunc
1184 3341 1272 3372 finem
1281 3340 1368 3371 etiam
1379 3339 1509 3369 Christus
1519 3339 1592 3370 iuss'it
1602 3338 1771 3380 demonium
1780 3339 2061 3375 obmutescere‚cilm
2071 3352 2170 3374 tamen

339 3399 393 3418 nrt.

481 3383 572 3424 passus
581 3384 725 3416 interdum
737 3382 824 3415 fuerit
833 3394 940 3415 nomen
950 3383 1029 3416 suum
1039 3389 1090 3426 per
1100 3386 1236 3416 homines
1245 3380 1380 3427 indignes
1389 3383 1538 3414 celebrari.

338 3421 466 3454 Luc-45⁴5·
508 3429 530 3457 P
543 3439 558 3457 R
571 3442 592 3459 aa
608 3440 624 3459 c
641 3439 651 3458 x
666 3441 681 3460 r>
697 3440 709 3459 1
725 3441 742 3458 o
755 3429 848 3459 tibiin
859 3429 1004 3468 nomine.)
1017 3429 1152 3460 Notanda
1161 3428 1352 3470 estloquendi
1366 3425 1536 3458 formamur
1551 3424 1824 3460 sicurifuturuserat
1835 3428 1943 3470 duplex
1953 3428 2081 3459 miraculi
2095 3428 2167 3459 vsus:

476 3481 582 3511 nempe
590 3482 619 3502 vt
630 3472 823 3504 innotesceret
833 3473 923 3503 virtus
931 3472 1154 3504 Christizdeinde
1164 3483 1195 3504 vt
1204 3473 1336 3504 testatum
1346 3470 1427 3501 fieret
1438 3471 1508 3501 nihil
1519 3470 1546 3501 ei
1556 3480 1714 3503 commune
1723 3470 1779 3503 effe
1790 3475 1826 3503 ci‘i
1841 3474 1943 3514 Satane
1957 3472 2100 3513 praestigiis
2110 3484 2116 3503 ι
2126 3473 2168 3504 ita

473 3515 579 3548 Paulus
589 3516 747 3558 imperium
758 3519 789 3549 &
799 3516 976 3559 potestatem
985 3516 1037 3550 soli
1046 3516 1162 3550 Christo
1171 3515 1357 3552 detexerim&
1370 3514 1419 3547 nifi
1429 3514 1558 3548 ministri]
1566 3515 1593 3548 se
1602 3513 1657 3548 effe
1670 3514 1873 3549 declarar.dein
1879 3517 1914 3549 de
1930 3517 2167 3592 palamcplpffni't

2064 3571 2087 3593 ri
2115 3571 2163 3593 uni
