2310 3841
39 1958 134 2000 Ez‘eh-
145 1960 185 1993 36.

39 2000 172 2032 fratta-51.

42 2037 170 2075 Purifica-

43 2088 123 2106 uimes
137 2081 186 2105 Le-

42 2127 90 2154 gu.

52 3044 198 3086 cmg-id.

494 137 994 188 SECVNDVM

193 216 233 251 ad
245 215 447 252 hunclocum
457 226 587 255 attinet,
609 218 700 251 nullo
713 217 814 264 modo
830 214 970 250 adducor
987 227 1021 251 vt

194 265 361 299 Clirir'tuin
373 266 412 299 de
421 262 584 310 Baptisuio
593 269 689 300 verba
699 264 799 299 facere
810 264 946 298 credam.
956 265 1020 299 hoc

192 324 282 346 enin
293 312 394 348 fuisset
410 311 681 357 intempestiuum.
718 312 914 347 Tenendum
931 314 1019 348 enim

192 360 318 406 semper
331 361 487 396 memoria
494 360 538 395 est
549 361 716 396 confilium
726 358 847 396 Christi
858 361 946 408 quod
962 374 1018 395 aii-

194 412 226 442 te
236 405 564 455 exposuirnus:nempe
575 411 663 456 quod
671 410 893 444 Nicodemum
909 408 1018 443 horta-

192 458 221 490 ri
233 458 335 491 voluit
344 458 382 491 ad
391 457 460 491 vita:
472 458 736 504 nouitatem‚quia
744 456 909 504 Euangelij
926 468 1018 503 capax

191 517 260 539 non
272 517 336 540 erat
346 506 448 540 donec
460 506 539 538 alius
548 507 651 541 homo
660 503 720 540 effe
729 502 951 551 inciperet.Est
959 506 1019 552 igi·

193 563 244 586 tur
254 566 315 589 vna
324 559 354 588 δι
367 553 495 598 simplex
505 554 733 590 sententiamos
743 553 782 588 de
792 554 920 601 integro
931 552 1018 588 nasci

193 613 364 646 oportere,
374 613 407 636 vt
416 601 471 646 filij
484 602 549 638 Dei
560 602 653 637 limus
664 613 692 636 at
719 614 757 636 ue
774 601 867 635 huius
877 600 1017 637 secundae

190 651 345 695 geniturae
355 649 505 696 Spiritum
518 649 659 685 sanetum
668 615 729 684 eise
738 649 918 684 authorem.
927 651 1017 686 Nam

191 709 291 742 quum
307 698 511 733 Nicodenius
521 698 760 745 Pythagoricam
771 697 1017 745 palingenesiam

189 743 376 785 somniaret,
388 746 532 782 Christus
542 758 574 781 vt
585 746 669 780 hunc
681 746 728 780 illi
739 758 881 781 errorem
894 747 1016 780 exime—

190 803 239 827 ret
248 814 258 830 ‚
272 794 544 839 interpretationis
554 794 622 828 vice
633 794 755 828 addidit
766 807 832 828 non
843 793 913 828 fieri
923 805 1016 830 natu-

190 831 299 875 raliter
309 853 342 875 vt
352 842 491 878 secundo
508 840 667 876 nascantur
680 841 829 876 homines
838 864 847 880 ‚
858 854 917 876 nec
935 853 1018 887 opus

194 887 254 922 csse
265 900 296 922 vt
308 891 441 925 aiterum
458 901 573 936 corpus
582 888 714 923 induant
724 903 731 922 :
742 888 792 923 sed
805 887 886 922 nasci
896 911 906 927 2
918 901 1017 934 quum

193 949 302 971 mente
320 941 353 972 &
379 937 488 971 animo
503 947 698 970 renouantur
723 948 779 982 per
797 936 930 983 Spiritus
947 948 1018 985 gra-

192 986 280 1019 tiam.
318 986 397 1019 ideo
413 986 566 1030 Spiritum
576 989 607 1020 δι
619 989 745 1032 Aquam
762 996 821 1032 pro
835 984 949 1019 eodem
959 996 1017 1031 po-

191 1031 368 1079 suitsneque
379 1032 440 1065 lioc
455 1033 569 1072 durum
582 1044 633 1066 aut
643 1035 790 1066 coactum
801 1032 902 1069 videri
912 1033 1020 1067 debet.

191 1080 342 1129 frequens
351 1093 384 1116 ac
395 1081 486 1119 tritus
496 1081 651 1127 loquendi
661 1094 731 1115 mos
742 1079 784 1115 est
795 1081 827 1114 in
847 1082 1018 1127 Scriptura,

193 1142 293 1176 quum
305 1129 345 1163 de
360 1129 476 1175 Spiritu
487 1127 523 1163 fit
535 1129 659 1163 mentio
668 1152 678 1168 ‚
688 1131 724 1163 ad
736 1130 974 1174 exprimendam
985 1142 1019 1163 e-

192 1179 241 1211 ius
251 1177 433 1224 vini‚Aquae
442 1177 492 1213 vel
505 1179 596 1224 Ignis
607 1190 726 1212 nomen
736 1178 874 1224 adiungi.
886 1181 950 1212 Iam
961 1178 1017 1212 ali-

191 1225 321 1272 quoties
348 1225 518 1259 habuimus
537 1225 701 1260 Christum
720 1223 780 1259 effe
807 1227 862 1272 qui
882 1225 1020 1272 baptizat

191 1273 307 1320 Spiritu
318 1272 426 1308 san6to
437 1277 466 1308 &
478 1273 558 1320 igni:
567 1273 621 1308 vbi
633 1274 717 1320 ignis
726 1274 807 1307 nihil
818 1275 834 1308 ὲ
844 1275 958 1320 Spiritu
971 1274 1021 1308 di—

190 1321 314 1356 uersum
327 1321 418 1355 sonat
428 1344 437 1361 ‚
449 1319 500 1355 sed
511 1321 637 1356 tantuin
648 1322 748 1368 qualis
759 1323 825 1358 eius
834 1322 866 1355 in
877 1322 974 1356 nobis
985 1321 1021 1356 sit

193 1366 334 1404 efficacia
344 1368 496 1404 ostendit.
506 1370 608 1414 Qod
617 1380 722 1403 autem
733 1369 784 1404 hic
794 1371 950 1416 proponit
962 1382 1021 1404 no-

191 1430 267 1452 men
278 1423 457 1464 Aquae‚non
469 1418 604 1452 multum
613 1418 728 1452 adrem
740 1418 951 1460 interest:inio
962 1418 1021 1464 hec

192 1466 342 1512 loquutio
354 1467 467 1499 melius
477 1465 549 1500 fluit
559 1467 652 1512 quani
662 1467 758 1500 altera
781 1479 788 1498 :
819 1467 890 1514 quia
901 1465 1021 1501 scilicet

192 1514 414 1558 metaphoram
433 1513 570 1560 sequitur
581 1514 666 1548 nud'a
683 1518 714 1548 &
729 1524 835 1560 aperta
855 1513 1020 1552 sententia,

193 1561 253 1595 acii
270 1562 390 1595 diceret
402 1561 568 1599 Christus,
582 1561 747 1595 neminem
765 1561 826 1596 effe
837 1562 901 1596 Dei
917 1562 1022 1596 filium

193 1609 298 1643 donec
310 1620 364 1654 per
377 1613 504 1653 Aquam
525 1619 698 1643 renouatus
715 1607 826 1644 fuerit:
843 1609 925 1644 hanc
940 1610 1022 1645 ‘vero

193 1658 343 1703 Aquam,
361 1654 421 1690 ess'e
431 1657 582 1702 Spiritum
597 1657 652 1703 qui
663 1669 723 1691 nos
736 1668 884 1704 repurgat
894 1681 904 1698 ‚
923 1662 955 1693 δι
966 1657 1023 1704 qui

194 1704 313 1739 virtute
322 1703 414 1738 suain
428 1718 489 1739 nos
498 1702 608 1740 diffusa
617 1727 627 1743 ‚
638 1704 785 1752 vigorem
794 1705 924 1752 inspirat
932 1707 1024 1741 caele-

197 1752 253 1787 stis
262 1754 332 1788 vitae
343 1775 353 1790 ,
363 1765 463 1799 quum
479 1764 589 1787 natura
604 1752 729 1799 prorsus
741 1753 820 1788 aridi
829 1754 944 1801 sumus.
980 1754 1025 1788 Et

196 1801 315 1836 merito
324 1800 472 1836 Christus
482 1824 492 1840 ‚
513 1812 546 1836 vt
563 1802 753 1837 Nicodemo
765 1800 850 1837 suam
869 1801 1025 1837 inscitiam

197 1848 368 1893 exprobret
376 1871 386 1888 ‚
396 1847 534 1895 formam
544 1849 700 1896 loquendi
710 1851 874 1897 Scripturae
883 1849 1026 1885 vsioetam

197 1896 451 1932 adducit-debuit
462 1898 549 1930 enim
560 1896 732 1943 agnoscere
740 1899 868 1933 tandem
876 1897 1026 1934 Nicode-

199 1958 272 1979 mus
281 1967 291 1982 ,
316 1945 405 1991 quod
415 1946 432 1978 ὲ
449 1943 581 1978 Christo
592 1944 715 1978 dietum
726 1956 802 1984 erat,
814 1958 850 1980 ex
859 1947 1028 1981 communi

198 1992 432 2038 Prophetarum
442 1991 591 2026 doctrina
598 1988 657 2025 esse
667 1990 926 2038 sumPtumAErgo
935 1997 1030 2041 Aqua

202 2040 284 2075 nihil
294 2040 378 2074 aliud
387 2038 432 2074 est
442 2039 536 2086 quam
545 2039 681 2073 interior
690 2039 825 2085 Spiritus
836 2039 933 2074 Γειηᾶἰ
952 2052 1028 2086 pur-

202 2090 289 2137 gatio
300 2092 331 2123 &
340 2088 517 2135 vegetatio·
554 2086 646 2121 Adde
656 2087 745 2134 quod
757 2099 822 2122 non
833 2086 877 2121 est
887 2085 1029 2122 insolens

203 2137 352 2183 copulam
361 2134 526 2182 exegetice
535 2133 729 2182 sumi‚quum
739 2133 857 2170 scilicet
873 2134 1029 2181 posterius

201 2185 386 2221 membrum
398 2183 567 2229 explicatio
578 2184 622 2217 est
631 2183 759 2229 prioris.
779 2188 830 2219 Ac
839 2182 921 2218 mihi
931 2184 1027 2218 etiam

198 2243 368 2269 contextus
396 2229 414 2267 s
411 2230 593 2278 uffragatur,
617 2243 693 2266 nam
712 2243 811 2278 quum
828 2244 904 2267 mox
928 2232 1027 2267 ratio-

199 2294 276 2316 nem
303 2279 453 2315 Christus
478 2279 605 2314 subiicit
625 2291 680 2314 cur
699 2291 760 2314 nos
778 2278 899 2315 renasci
924 2292 1029 2328 opor-

199 2340 265 2363 teat
282 2351 292 2366 ,
310 2329 466 2374 praeterira
494 2340 581 2375 aquae
605 2327 774 2362 mentione
793 2350 804 2366 ‚
832 2326 903 2364 solo
928 2327 1028 2374 Spiri-

200 2386 235 2411 tu
256 2389 351 2423 quam
363 2377 461 2424 exigit
485 2376 558 2411 vitae
568 2376 745 2410 nouitatem
762 2374 906 2409 conflare
920 2375 1028 2411 docet.

201 2426 288 2460 vnde
302 2423 442 2473 sequitur
456 2436 571 2473 aquam
585 2436 653 2459 non
664 2421 724 2459 effe
732 2423 750 2458 ὃ,
758 2424 875 2471 Spiritu
885 2423 1028 2470 stparan-

206 2474 294 2509 dam.
807 2494 811 2499 ·
1010 2506 1013 2509 ,

209 2521 212 2523 ’
239 2529 260 2556 6
333 2521 392 2555 uod
399 2532 503 2557 natum
513 2521 551 2565 est
564 2533 603 2556 ex
611 2524 726 2559 carne.)
744 2520 864 2556 Probat
873 2519 891 2556 a
901 2533 1028 2558 contra-

202 2569 260 2605 riis
269 2571 335 2604 clau
353 2582 406 2603 uni
417 2570 514 2604 nobis
523 2569 675 2605 omnibus
684 2568 743 2604 esse
752 2582 887 2616 regnum
897 2571 1030 2609 Dei‚ni-

202 2619 226 2653 fi
234 2630 289 2665 per
297 2617 544 2664 palingenesiam
556 2616 708 2666 ingressus
719 2617 815 2652 nobis
825 2618 961 2664 patefiat.
971 2621 1029 2653 Su..

202 2667 264 2702 mir
274 2667 361 2700 enini
373 2666 452 2701 illud
461 2679 522 2713 pro
532 2665 675 2701 confesso
686 2688 697 2704 ‚
711 2667 792 2701 Non
803 2664 890 2711 posse
900 2678 960 2700 nos
978 2667 1030 2701 in-

201 2716 293 2763 gredi
303 2714 337 2748 in
347 2725 482 2761 regnum
495 2714 634 2751 Dei‚nisi
642 2713 816 2759 spirituales
823 2712 928 2748 simus.
964 2720 1028 2750 At-

201 2764 308 2811 quiex
317 2772 410 2797 vtero
427 2762 509 2796 nihil
526 2760 686 2797 afferimus
694 2760 752 2795 nifi
770 2762 927 2796 carnalem
939 2773 1031 2797 natu-

202 2824 284 2846 ram.
294 2809 442 2857 Sequitur
452 2822 531 2858 ergo
541 2822 602 2844 nos
612 2822 667 2843 om
673 2821 729 2843 nes
737 2809 920 2845 naturaliter
931 2812 1030 2846 exula-

203 2872 239 2894 re
248 2859 266 2894 ὲ
275 2870 378 2906 regno
395 2857 481 2896 Dei,
495 2863 527 2893 &
539 2857 652 2892 caelesti
668 2857 734 2890 vita
750 2857 894 2902 priuatos
903 2871 1031 2895 manere

205 2905 264 2941 seb
275 2906 389 2942 mortis
406 2905 568 2941 seruitute.
598 2903 703 2940 Porro
714 2916 813 2951 quum
823 2906 970 2941 Christus
977 2906 1032 2942 hic

207 2955 418 2990 ratiocinetur
428 2951 546 2994 renasci
556 2963 706 3000 oportere
717 2953 953 3001 honiines‚quia
962 2965 1032 2990 tan-

209 3002 280 3038 nim
290 3016 365 3038 caro
375 3003 561 3037 suntttotum
572 2999 786 3048 proculdubio
797 3000 966 3038 hominem
976 3003 1032 3038 sub

212 3063 305 3095 carne
314 3049 572 3099 comprehendit⁴
610 3051 692 3082 Caro
707 3049 815 3096 itaque
833 3061 901 3084 non
919 3063 1033 3097 corpus

211 3096 359 3134 hocloco
370 3098 525 3147 fignificat
535 3120 545 3137 ,
555 3097 606 3131 sed
616 3096 755 3130 animam
767 3096 878 3137 simul,
887 3097 1033 3147 adeoque

212 3143 347 3190 singulas
357 3148 423 3181 eius
433 3157 547 3193 partes.
572 3146 659 3180 Nam
678 3143 791 3181 insulse
801 3145 928 3191 Papistae
936 3147 1034 3183 theo-

213 3191 343 3238 logastri
359 3195 396 3228 ad
409 3206 532 3240 partem
550 3206 645 3242 quam
663 3203 779 3227 vocant
796 3191 967 3230 sensualem
980 3209 1034 3230 re·

213 3239 386 3286 stringunt:
403 3244 474 3289 quia
485 3241 548 3277 hoc
562 3242 662 3276 niodo
673 3240 818 3286 ineptum
828 3240 901 3283 effer
913 3243 1034 3278 Christi

214 3298 436 3333 argumentum
446 3313 456 3328 ‚
465 3290 608 3324 Secunda
619 3288 782 3322 natiuitate
789 3301 870 3335 opus
880 3289 951 3330 esse,
961 3292 1034 3337 quia

214 3347 286 3381 pars
295 3333 394 3369 nostri
404 3337 515 3371 vitiosa
528 3337 576 3373 fit.
595 3336 692 3381 Quod
704 3335 725 3369 fi
737 3337 824 3372 Caro
834 3338 963 3384 Spiritui
974 3350 1035 3383 op-

214 3382 506 3430 ponitur‚txinquam
518 3395 701 3431 corrupmm
713 3384 928 3432 integro‚peru
934 3387 1035 3421 ersum

213 3430 477 3478 rectmpollutum
486 3431 605 3475 fausto,
614 3432 814 3481 inquinatum
824 3434 954 3481 syncero
964 3447 972 3468 ε
982 3434 1035 3468 in-

1064 137 1571 190 ῙΟΗΑΝΝΕΜ
1858 147 1911 202 ψ

1073 215 1113 250 de
1121 217 1274 264 colligere
1283 228 1468 264 promptum
1480 219 1524 254 est
1534 231 1632 254 totam
1651 219 1795 255 hominis
1804 233 1896 258 natu-

1069 276 1139 298 ram
1150 277 1214 298 vno
1226 264 1326 300 verbo
1337 266 1492 301 damnari.
1509 270 1656 303 Mentem
1668 281 1746 316 ergo
1756 270 1897 307 nostram

1069 316 1101 347 δι’
1119 313 1278 347 rationem
1288 312 1434 348 Christus
1452 316 1600 350 vitiosam
1619 317 1679 351 effe
1697 322 1896 364 pronuntiat,

1069 360 1142 408 quia
1152 361 1284 395 carnaiis
1300 361 1344 396 est
1362 376 1370 396 :
1398 375 1512 397 omnes
1523 364 1628 398 cordis
1639 363 1770 400 affe&us
1781 378 1899 412 prauos

1068 408 1128 443 effe
1140 413 1170 443 &
1181 409 1358 456 reprobos,
1379 413 1451 457 quia
1463 410 1518 457 ipsi
1528 424 1657 458 quoque
1669 412 1736 448 sunt
1747 416 1896 451 carnales.

1067 457 1193 493 Verum
1204 457 1256 492 hic
1270 457 1370 493 obiici
1382 460 1485 505 potest
1496 459 1638 506 quaestio,
1666 465 1777 509 Qum
1790 476 1896 498 :mima

1067 517 1135 539 non
1143 506 1292 554 gignatur
1301 519 1337 541 ex
1350 507 1486 542 humana
1496 507 1621 545 sobole,
1631 512 1782 555 praecipua
1793 512 1896 546 nostri

1066 564 1222 599 partenos
1232 568 1268 590 ex
1278 567 1371 590 carne
1389 568 1457 590 non
1468 555 1561 590 nasci.
1578 556 1667 590 Hinc
1678 556 1794 592 faRum
1806 559 1849 593 est
1861 571 1896 594 vt

1067 613 1213 647 putarent
1223 603 1314 637 niulti
1328 616 1394 637 non
1413 604 1514 639 niodo
1529 603 1697 640 secundum
1710 618 1824 651 corpus
1834 620 1894 642 nos

1066 650 1082 683 ἒι
1093 651 1278 696 parentibus
1287 652 1401 686 ducere
1411 652 1591 699 originem,
1604 651 1654 688 sed
1665 656 1785 687 animas
1802 654 1895 689 fimui

1066 709 1103 730 ex
1112 699 1238 734 traduce
1248 700 1610 747 propagari.Absurdum
1621 701 1706 735 enim
1716 702 1895 742 videbatur,

1066 757 1232 791 peccatum
1245 749 1413 795 originale,
1424 750 1510 796 quod
1522 750 1684 795 propriam
1696 754 1727 784 in
1738 751 1842 785 anima
1854 750 1896 785 sc-

1067 794 1141 827 dem
1153 794 1310 835 harimah
1321 809 1386 830 vno
1398 797 1532 831 homine
1543 796 1689 832 diffusum
1702 797 1761 833 effe
1779 799 1809 832 in
1822 812 1898 834 oni-

1068 852 1124 874 nes
1133 842 1278 887 posteros
1287 865 1297 880 ,
1309 843 1365 877 nisi
1376 846 1488 879 animae
1499 858 1613 879 omnes
1630 859 1667 880 ex
1683 846 1767 881 illius
1777 848 1894 886 anima,

1068 898 1217 937 tanquam
1232 903 1268 924 ex
1277 888 1607 928 ionte,mana1lent.Et
1618 895 1703 928 certe
1715 896 1775 928 hoc
1787 897 1896 941 primo

1070 936 1193 981 aspectu
1204 939 1352 973 videntur
1364 940 1496 980 innuere
1507 941 1806 979 Chrissiverb³‚1·ios
1820 945 1894 985 ideo

1071 983 1131 1018 effe
1145 998 1272 1020 carnem
1285 986 1358 1031 quia
1368 1000 1402 1020 ex
1414 1000 1506 1021 carne
1517 988 1682 1026 nascimur.
1691 989 1897 1035 Respondes),
1913 1001 1918 1007 ·

1070 1044 1223 1078 quantum
1236 1035 1273 1068 ad
1286 1035 1380 1069 verba
1391 1034 1511 1069 Christi
1530 1035 1725 1081 speetatflioii
1736 1042 1832 1072 alium
1851 1040 1899 1073 cs-
1918 1076 1919 1079 ,

1070 1081 1099 1114 se
1109 1079 1226 1117 sensum
1238 1105 1248 1120 ‚
1261 1085 1355 1130 quani
1367 1096 1427 1118 nos
1445 1097 1560 1118 omnes
1573 1086 1711 1119 carnales
1722 1083 1781 1120 effe
1798 1098 1831 1121 vt
1844 1100 1899 1120 na-

1070 1129 1200 1163 scimur:
1213 1134 1245 1165 &
1257 1144 1411 1178 quatenus
1425 1132 1457 1165 iii
1468 1133 1551 1167 hunc
1563 1133 1716 1168 mundum
1732 1136 1899 1180 prodimus

1071 1178 1220 1220 homines
1232 1180 1383 1214 mortales
1406 1202 1416 1218 ‚
1436 1192 1578 1215 naturam
1599 1181 1737 1217 nostram
1750 1185 1828 1217 iiiliii
1840 1183 1899 1217 nisi

1071 1238 1196 1260 carnem
1210 1226 1323 1272 sapere.
1344 1229 1538 1273 Simpliciter
1548 1229 1635 1263 enim
1646 1229 1698 1265 hic
1712 1231 1795 1265 inter
1806 1243 1899 1265 riatu-

1071 1287 1137 1308 ram
1160 1279 1191 1309 &
1210 1274 1440 1320 supernaturale
1456 1279 1576 1311 donum
1595 1278 1772 1325 distinguit.
1809 1282 1897 1314 Nam

1072 1323 1160 1368 quod
1171 1323 1203 1356 in
1214 1322 1346 1369 persona
1358 1325 1450 1358 vnius
1461 1327 1537 1360 Adae
1553 1337 1658 1360 totum
1673 1339 1773 1374 genus
1785 1328 1823 1361 liu
1832 1343 1899 1362 ina-

1071 1384 1147 1404 nuni
1160 1383 1345 1418 corruptum
1357 1372 1415 1407 fuit
1426 1395 1435 1411 ‚
1455 1386 1520 1406 non
1535 1384 1599 1407 tam
1614 1387 1649 1407 ex
1659 1387 1803 1421 genitura
1823 1390 1900 1422 pro-

1071 1419 1158 1453 uenit
1166 1421 1260 1467 quam
1271 1433 1307 1454 ex
1319 1423 1381 1456 Dei
1391 1422 1598 1457 ordinatione
1609 1436 1616 1456 :
1628 1425 1681 1469 qui
1700 1424 1773 1457 licut
1786 1437 1817 1457 ιη
1834 1437 1898 1458 vno

1071 1467 1205 1501 homine
1217 1481 1275 1502 nos
1290 1481 1404 1502 omnes
1416 1482 1582 1504 ornauerat
1593 1493 1602 1508 ,
1621 1470 1820 1516 itaspoli.iuit
1835 1474 1899 1507 suis

1072 1515 1288 1561 donis.Qare
1298 1529 1363 1550 non
1375 1528 1439 1550 tani
1450 1516 1658 1565 vnusquisque
1669 1517 1811 1554 nostrsiuii
1822 1523 1837 1554 a
1851 1534 1902 1566 pa—

1070 1563 1214 1597 rentibus
1226 1563 1284 1597 suis
1294 1565 1448 1599 vitium&
1467 1577 1707 1611 corruptionem
1721 1569 1897 1606 contrahit,

1073 1611 1293 1658 quirinion-ines
1311 1613 1427 1657 pariter
1445 1613 1478 1646 in
1498 1625 1562 1647 vno
1574 1615 1679 1649 Adam
1692 1619 1839 1661 [οπως-τί
1852 1616 1902 1650 su-

1074 1672 1158 1694 mus.
1183 1659 1257 1707 quia
1276 1659 1382 1694 statim
1402 1659 1473 1707 post
1491 1662 1557 1696 eius
1575 1660 1789 1698 defecftionem
1811 1666 1903 1699 Deus

1073 1708 1162 1754 quod
1173 1719 1288 1742 naturae
1299 1708 1441 1743 humanae
1450 1709 1900 1749 dederat‚abstulit.Suboritur

1075 1755 1171 1790 etiam
1182 1757 1237 1792 alia
1249 1756 1390 1802 quaestio:
1402 1769 1523 1792 certum
1534 1760 1621 1793 enim
1633 1759 1677 1794 est
1691 1761 1723 1794 iu
1735 1760 1794 1795 hac
1807 1762 1904 1808 clege-

1075 1816 1152 1838 nere
1164 1804 1336 1851 vitiatzique
1347 1816 1455 1839 natura
1465 1819 1594 1841 manere
1604 1818 1709 1842 tamen
1721 1810 1841 1856 aliquid
1851 1812 1906 1844 do-

1076 1864 1192 1886 norum
1205 1854 1271 1886 Dei
1289 1852 1559 1890 residuumzvnde
1577 1854 1717 1901 sequitur
1734 1870 1798 1891 non
1812 1857 1904 1891 omni

1078 1912 1114 1934 ex
1126 1910 1213 1946 parte
1225 1912 1287 1934 nos
1306 1899 1365 1936 esse
1380 1903 1555 1947 peruersos.
1593 1905 1719 1937 Solutio
1736 1903 1835 1937 facilis
1847 1904 1903 1942 est,

1075 1950 1176 1982 Dona
1190 1961 1257 1994 quae
1267 1947 1362 1982 nobis
1381 1949 1500 1996 reIIqua
1516 1948 1592 1984 fecit
1602 1952 1766 1985 Dominus
1777 1952 1846 1996 post
1858 1954 1903 1984 lxi-

1077 1995 1167 2042 psum
1183 1996 1202 2028 si
1216 2008 1270 2039 per
1284 1995 1314 2029 se
1322 1996 1525 2032 aestimentur,
1537 1997 1628 2031 laude
1639 1999 1770 2045 quidem
1784 1998 1841 2032 effe
1852 1999 1903 2032 di-

1078 2055 1156 2090 gna:
1168 2040 1218 2077 sed
1228 2055 1325 2090 quum
1337 2056 1393 2088 per
1414 2056 1527 2078 omnes
1543 2055 1645 2090 partes
1665 2045 1813 2092 grassetur
1826 2046 1900 2080 mali

1078 2091 1232 2137 contagio
1242 2112 1251 2129 ‚
1262 2091 1343 2124 nihil
1353 2092 1386 2124 in
1404 2091 1500 2127 nobis
1513 2090 1675 2138 syncerum
1686 2106 1755 2140 repr
1763 2096 1858 2127 rietur
1870 2099 1902 2128 Sc

1078 2138 1170 2171 omni
1190 2139 1435 2184 inquinamento
1444 2151 1589 2174 vacuum.
1614 2141 1714 2187 Qod
1725 2142 1825 2188 aliqua
1837 2138 1904 2176 Dei

1078 2186 1192 2219 notitia
1203 2185 1298 2220 ric-bis
1308 2186 1496 2224 adnascitur,
1506 2188 1593 2234 quod
1604 2188 1636 2223 in
1647 2190 1841 2223 conscientia
1851 2191 1904 2222 iri-

1076 2232 1229 2280 sculptum
1249 2235 1294 2270 est
1315 2235 1447 2282 aliquod
1473 2235 1554 2270 boni
1571 2241 1602 2271 &
1620 2237 1695 2270 mali
1721 2237 1902 2276 discrimen,

1078 2282 1166 2328 quod
1176 2283 1311 2329 ingenio
1335 2284 1494 2330 pollemus
1503 2284 1541 2317 ad
1555 2285 1704 2319 tuendam
1716 2284 1901 2330 praesentcin

1077 2330 1175 2364 vitam
1193 2352 1204 2369 ,
1231 2331 1319 2377 quod
1336 2332 1474 2377 denique
1493 2341 1542 2365 tot
1560 2333 1666 2367 modis
1683 2335 1902 2369 antecellimus
1915 2334 1922 2340 '

1077 2376 1185 2412 brutas
1192 2379 1327 2424 pecudes
1336 2402 1346 2418 ,
1356 2379 1390 2413 id
1401 2391 1455 2425 per
1466 2377 1496 2413 se
1506 2406 1514 2418 ,
1525 2391 1557 2412 vt
1568 2380 1584 2414 a
1594 2382 1670 2414 Deo
1681 2381 1901 2426 proficiscitur,

1075 2426 1312 2471 praeclarumest
1330 2441 1337 2460 :
1364 2426 1417 2462 sed
1435 2427 1468 2461 in
1481 2427 1575 2462 nobis
1592 2430 1725 2474 perinde
1738 2431 1903 2475 inquinata

1077 2473 1148 2508 sunt
1166 2473 1231 2509 haec
1249 2475 1358 2511 omnia
1373 2498 1383 2515 ,
1402 2485 1496 2524 atque
1516 2477 1626 2511 vinem
1640 2477 1716 2512 vasis
1733 2477 1903 2512 suifoetore

1076 2522 1202 2570 prorsus
1212 2521 1365 2558 infeetum
1378 2535 1413 2559 ac
1423 2523 1584 2558 imbutum
1594 2548 1604 2562 ‚
1616 2525 1696 2559 boni
1707 2523 1823 2571 saporis
1834 2538 1902 2570 gra-

1077 2574 1153 2607 tiam
1165 2571 1351 2618 perdit,imo
1363 2571 1451 2617 gustu
1464 2576 1495 2605 δι
1507 2585 1648 2606 amarum
1661 2577 1689 2607 δι
1705 2573 1833 2607 noxium
1846 2573 1900 2607 est.

1077 2620 1208 2656 Notitia
1220 2620 1305 2653 enini
1319 2621 1404 2657 Dei,
1424 2620 1524 2665 qualis
1544 2633 1626 2653 nunc
1641 2620 1829 2654 hominibus
1852 2634 1902 2654 re-

1078 2667 1229 2706 stat,nihil
1240 2667 1324 2701 aliud
1334 2667 1377 2702 est
1389 2668 1483 2712 quani
1495 2667 1653 2701 horrenda
1672 2669 1857 2702 idololatriae
1868 2674 1902 2703 &

1079 2715 1336 2762 superstitionum
1348 2715 1495 2749 oninium
1514 2714 1691 2762 scaturigo:
1706 2717 1853 2749 widiciur..
1868 2718 1902 2751 in

1079 2777 1185 2800 rerum
1211 2763 1334 2798 delesti]
1354 2766 1386 2797 δε
1407 2759 1589 2796 discrimine
1607 2775 1673 2806 part
1692 2776 1719 2795 rii
1738 2777 1853 2798 caecum
1866 2774 1901 2800 a'c

1080 2809 1302 2859 praeposterum
1327 2831 1337 2847 ‚
1371 2809 1485 2855 partim
1506 2810 1652 2843 mutilum
1673 2815 1704 2845 ὃ(
1723 2811 1902 2846 confusum.-

1080 2859 1233 2907 quicquid
1243 2856 1400 2892 industriae
1412 2856 1610 2894 habemus‚in
1619 2859 1790 2893 vanitatem
1801 2865 1833 2894 δε
1845 2874 1903 2894 ειυ-

1081 2921 1135 2956 gas
1145 2906 1272 2942 defluit:
1289 2907 1435 2940 voluntas
1451 2915 1557 2938 autem
1576 2904 1638 2949 ipsa
1650 2903 1770 2940 furioso
1782 2909 1903 2954 impetu

1082 2968 1222 3003 praecox,
1240 2964 1306 2987 tota
1316 2953 1353 2988 ad
1365 2953 1483 2986 malum
1501 2953 1630 2997 rapitur.
1667 2956 1822 3002 Itaquein
1835 2967 1904 2991 tota

1081 3015 1190 3038 natura
1206 3002 1288 3035 nulla
1305 2999 1504 3034 rectitudinis
1514 3011 1600 3047 gutta
1619 3000 1766 3047 superest.
1805 3005 1905 3039 Vnde

1066 3048 1204 3086 ‘constat
1219 3048 1354 3083 secunda
1371 3048 1517 3094 genitura
1535 3061 1596 3082 nos
1613 3050 1650 3083 ad
1684 3064 1817 3092 regnum
1839 3054 1903 3087 Dei

1082 3097 1266 3134 formandos
1276 3093 1336 3130 esse
1345 3109 1355 3128 ·.
1363 3093 1432 3143 idqs
1442 3097 1555 3130 volunt
1565 3097 1686 3132 Christi
1697 3090 1805 3135 verba.
1817 3101 1903 3147 Qa

1082 3148 1183 3182 homo
1195 3157 1230 3178 ex
1247 3154 1337 3177 vtero
1349 3144 1458 3177 matris
1468 3146 1599 3180 carnalis
1612 3156 1732 3181 tantum
1754 3148 1902 3185 nascitur,
1921 3165 1926 3174 ·

1082 3193 1196 3240 Spiritu
1207 3190 1432 3239 refingendum
1445 3190 1504 3226 effe
1514 3215 1523 3230 ‚
1534 3203 1566 3226 vt
1577 3192 1742 3239 spiritualis
1753 3196 1810 3230 erse
1821 3195 1903 3229 inci-

1082 3241 1199 3289 piat.Et
1209 3240 1452 3285 Spiritusnome
1460 3238 1604 3276 bifariam
1617 3241 1666 3277 hic
1680 3244 1808 3289 capitur:
1823 3246 1904 3289 ne‘pe

1083 3302 1141 3336 pro
1152 3288 1250 3334 gratia
1260 3311 1270 3325 ‚
1280 3293 1311 3323 δι
1323 3287 1436 3323 effeRu
1448 3289 1565 3335 gratiae.
1602 3291 1713 3325 Priore
1725 3291 1810 3325 enim
1828 3291 1904 3324 loco

1084 3334 1229 3372 Christus
1236 3337 1388 3382 Spiritum
1401 3337 1467 3370 Dei
1478 3337 1605 3372 vnicuni
1617 3350 1697 3383 purae
1707 3343 1736 3372 ἃ
1748 3339 1836 3371 ῐεᾶκ
1849 3351 1904 3372 na-

1083 3397 1157 3419 turae
1167 3382 1334 3419 authorem
1345 3383 1405 3419 effe
1415 3384 1510 3418 docet
1527 3385 1651 3430 :postea
1662 3398 1720 3418 nos
1730 3384 1906 3430 spirituales

1084 3431 1144 3467 effe
1152 3430 1358 3479 significat‚ex
1366 3444 1432 3482 quo
1442 3431 1546 3481 sumus
1554 3432 1738 3467 eiusvirtute
1747 3436 1905 3487 renouati3

1659 3482 1690 3515 C
1737 3481 1770 3535 iij
