2310 3841
388 166 441 202 ης
501 131 548 163 ”
985 153 1057 196 IN
1115 150 1322 194 ACTA
1387 152 1643 198 Aeosr.

256 530 386 559 1501.b.14,

255 943 396 971 Rornmaq,

258 1117 365 1148 Philipz.

259 1157 309 1179 a.7.

258 1273 391 1296 Raab-10.

255 1458 305 1483 Isa.
319 1465 367 1488 με.
379 1466 395 1487 3.

400 239 437 262 ex
448 222 546 260 multis
558 249 566 263 ‚
576 225 622 257 sed
633 222 710 267 quast
721 221 907 267 vnigenitum
917 221 1020 254 Filium
1033 221 1180 266 agnoscat.
1203 224 1341 264 Sequitur
1350 223 1489 264 probatio
1503 222 1602 261 {Qia
1611 226 1693 255 Deus
1713 219 1804 263 ipsum
1820 221 1972 264 genuerit,
1982 233 2072 266 quum
2091 236 2137 259 re-

402 285 493 317 gnum
504 272 641 303 stabiliut
655 273 682 302 in
695 271 758 301 eius
768 279 854 300 manu
865 292 874 305 ,
885 279 981 310 neque
991 269 1070 299 enirn
1082 268 1238 300 hominum
1249 267 1385 299 industria
1398 268 1426 298 id
1446 266 1554 302 ἱᾱὲἶιιπῃ
1571 269 1610 299 est
1622 285 1631 300 r
1643 267 1691 298 sed
1709 270 1791 298 Deus
1810 266 1948 312 inuictam
1967 279 2069 301 manus
2085 271 2136 303 sua

400 328 541 351 virtutem
553 316 567 347 ὲ
579 315 647 346 caelo
659 315 790 349 exeruit,
804 314 880 344 vnde
892 313 984 354 palam
998 313 1140 344 constaret
1153 312 1243 353 ipsum
1255 313 1357 342 diuino
1367 311 1490 343 consilio
1501 323 1630 355 regnare.
1655 313 1732 354 Ergo
1742 312 1874 353 genitura
1883 312 2022 345 issacuius
2035 317 2139 346 memi-

400 365 462 397 nit,
475 362 509 391 ad
520 361 675 391 hominum
686 358 796 390 sensum
808 358 856 390 vel
870 359 1006 390 notitiam
1017 357 1119 389 referti
1129 358 1219 387 debet
1231 369 1237 386 ι
1248 368 1356 398 nempe
1367 356 1448 398 qubd
1459 356 1551 397 palam
1564 354 1633 389 tunc
1643 358 1798 399 cognitum
1809 356 1848 387 est
1861 357 2009 396 ,genitum
2027 358 2110 391 fnisse
2121 361 2137 392 ὲ

404 409 472 438 Deo
483 427 490 440 ‚
502 415 593 446 quum
604 405 778 435 mirabiliter
788 404 870 446 regni
884 402 985 434 solium
998 412 1098 444 ptaercr
1108 403 1241 433 omnium
1251 401 1329 442 spem
1342 402 1511 432 conlcendit
1524 424 1532 437 ,
1544 404 1571 433 8?
1586 401 1699 432 caelestis
1710 402 1834 442 Spiritus
1846 402 1952 431 tinore
1968 401 2136 436 innumeras

400 446 488 492 fregit
499 449 730 490 conspirationes
743 462 748 478 ¹.
760 449 828 490 quia
839 459 961 490 regnare
973 458 1031 477 non
1042 455 1180 488 poterat,
1190 446 1239 475 nist
1251 446 1391 486 gentibus
1402 447 1656 477 ornnibusvicinis
1666 445 1716 476 sub
1729 446 1828 487 iugum
1841 444 1950 475 coactis
1961 467 1970 482 ,
1979 447 2054 488 quasi
2071 450 2137 480 sub-

401 495 467 524 aeto
478 494 607 536 quodam
620 495 742 524 mundo.
767 497 853 524 Nunc
865 495 899 527 ad
910 492 1057 523 Christum
1070 492 1230 522 veniamus
1255 493 1323 521 Non
1335 490 1445 532 prodiit
1455 491 1534 523 certe
1546 492 1573 520 in
1586 490 1728 520 mundum
1746 490 1805 520 {ine
1822 489 1992 520 testimonio
2002 512 2011 526 ‚
2030 502 2091 533 quo
2107 493 2136 526 se

405 540 508 569 Filium
521 538 577 568 Dei
589 539 738 579 probarer.
761 539 916 579 corripitua
926 538 1004 568 enim
1016 535 1071 567 suit
1081 537 1142 566 eius
1153 535 1245 577 gloria
1258 557 1264 569 ‚
1276 534 1368 576 qualis
1377 536 1501 567 decebat
1513 535 1695 576 vitige-tritum
1707 534 1764 564 Dei
1777 555 1783 567 ‚
1794 533 1865 564 sicut
1883 533 2138 570 habetutloan.1.

403 586 433 615 δέ
444 584 540 624 paffim
552 584 638 613 iaetu
649 582 674 613 se
686 585 783 614 Deum
796 583 904 613 habere
916 581 1016 614 testem
1027 592 1058 611 ac
1068 581 1215 611 vindicem
1227 581 1314 611 huius
1325 579 1458 610 honoris.
1476 582 1587 611 Get-'ruit
1599 590 1669 621 ergo
1679 580 1762 608 Deus
1772 576 2023 619 Christum‚quum
2035 582 2060 611 ei
2073 593 2138 613 cer-

402 638 447 659 tas
458 638 541 659 notas
551 626 694 668 insculpsit
704 647 712 661 ,
724 627 801 658 vnde
810 638 875 658 vera
890 629 919 658 81
930 624 1056 667 expressa
1066 626 1144 656 illius
1154 625 1263 666 effigies
1274 627 1303 656 δι
1314 625 1401 655 Filius
1410 627 1623 666 agnosceretur.
1644 626 1748 664 Neque
1760 632 1856 653 tamen
1869 622 1925 652 hoc
1935 624 2030 655 obstat
2042 648 2050 661 ‚
2061 637 2137 668 quo.

401 673 500 703 minus
510 672 641 702 Christus
651 673 787 713 sapientia
799 671 830 703 fit
842 694 848 705 ,
858 673 894 701 ab
906 681 1014 702 ceterno
1026 673 1113 701 Patre
1125 681 1193 701 ante
1203 680 1319 710 tempus
1335 671 1434 711 genita
1443 669 1508 712 ‚sed
1521 669 1565 699 illa
1576 679 1677 707 arcana
1697 667 1736 698 est
1751 667 1914 708 generatio.
1939 679 2016 700 nunc
2036 681 2135 703 amem

402 718 539 757 praedicat
550 717 645 748 Dauid
656 713 960 748 manifestatumsuiffe
971 715 1160 746 hominibus:
1171 715 1207 744 ita
1218 714 1371 745 relatioest
1382 724 1430 749 ‚vt
1447 713 1590 748 diximus,
1605 712 1640 744 ad
1661 709 1796 742 homines
1811 722 1872 742 non
1890 711 1926 742 ad
1942 715 2136 758 Deumzquia

405 762 486 804 quod
497 760 702 793 absconditum
713 762 740 790 in
754 761 810 792 Dei
820 759 911 792 ’corde
923 770 983 791 erat
995 782 1003 795 ‚
1014 760 1189 791 hominibus
1201 759 1293 799 palam
1306 759 1444 789 innotuit.
1468 760 1503 788 Et
1516 758 1634 800 elegans
1647 758 1682 787 esi
1694 756 1786 798 figura
1795 775 1804 789 ‚
1815 755 1894 797 quod
1904 758 1963 789 non
1976 760 2071 791 miuus
2081 762 2137 791 cla-

403 806 434 837 re
445 806 545 836 testata
558 805 721 847 sancitaque
733 803 786 836 fun
798 806 904 842 Christi
921 805 1059 836 diuinitas
1069 824 1076 838 ‚
1091 803 1178 846 quam
1190 803 1206 832 fi
1218 813 1284 834 ante
1296 803 1450 834 hominum
1461 804 1565 834 oculos
1575 813 1692 845 genuus
1702 803 1716 831 ἐι
1726 804 1793 832 Deo
1806 799 1893 831 foret.
1913 803 1982 833 Scio
2001 805 2137 846 Angusti-

405 852 585 893 niargntiam
598 851 739 892 plenique
752 850 966 892 magisplacere
977 871 985 884 ‚
996 848 1074 891 quod
1089 859 1190 880 uonna
1203 843 1375 888 perpetuum
1387 859 1515 878 notetur.
1538 848 1625 889 Atqui
1637 846 1688 876 vbi
1699 845 1824 887 Spiritus
1840 847 1897 886 iple
1915 847 1972 878 Dei
1992 849 2138 889 interpres

406 894 470 926 suus
481 895 520 926 est
529 915 537 929 ‚
549 898 579 927 δι
592 896 672 937 quod
683 907 732 936 per
743 895 889 926 Dauidem
902 896 1012 925 dixerat
1021 915 1030 929 ‚
1042 905 1093 935 per
1104 904 1138 924 os
1146 892 1228 923 Pauli
1239 894 1357 933 exponit
1368 915 1374 926 ‚
1383 893 1474 923 nobis
1484 892 1523 922 fas
1534 903 1590 922 non
1605 891 1644 922 est
1653 892 1740 921 aliurn
1752 889 1860 920 sensum
1872 892 2063 923 comminisci
2075 895 2139 924 Cat-

407 939 501 972 terum
512 963 521 976 ,
531 951 620 981 quum
631 941 737 971 eodem
751 939 842 970 Paulo
852 938 1073 973 teste,Christus
1084 940 1112 967 in
1123 938 1255 979 potentia
1266 936 1463 968 manifestatus
1475 936 1557 967 fuerit
1569 938 1654 967 Funis
1663 936 1826 976 Dei2quum
1839 936 2048 968 relutrexeritfi
2061 948 2138 968 mot-

406 985 465 1017 tuis
475 1007 484 1021 ‚
494 986 662 1027 colligimus
674 986 729 1015 'noc
739 985 908 1026 primarium
917 982 998 1013 fuiffe
1008 982 1124 1013 caelestis
1135 982 1312 1013 excellentiae
1323 982 1467 1024 specimen
1480 1003 1488 1016 ,
1502 984 1531 1013 &
1541 991 1611 1012 tunc
1622 983 1706 1012 Pater
1715 981 1783 1012 vere
1792 991 1858 1010 eum
1870 980 1898 1010 in
1910 981 2007 1012 lucem
2017 982 2137 1020 extulit,

405 1040 437 1062 vt
449 1030 620 1061 muudusnb
634 1029 693 1070 ipso
704 1030 836 1071 genitum
849 1026 903 1058 effe
916 1026 1148 1066 sciret.Qanuis
1158 1037 1230 1068 ergo
1241 1026 1364 1058 suscitari
1376 1026 1511 1057 Christus
1522 1026 1613 1057 &Deo
1623 1025 1880 1066 coeperithuando
1891 1026 2000 1065 prodiit
2011 1027 2039 1057 in
2051 1037 2137 1057 mun-

405 1075 474 1106 dum
487 1095 495 1108 ²
507 1075 676 1105 resurrectio
687 1084 782 1104 tamen
795 1071 872 1114 quasi
883 1071 953 1102 iusta
963 1091 971 1105 ‚
985 1074 1014 1103 δι
1027 1074 1112 1111 plena
1128 1070 1272 1102 suscitatio
1285 1070 1338 1103 fuir
1349 1083 1355 1101 :
1365 1073 1431 1113 quia
1444 1081 1532 1112 quum
1546 1081 1624 1110 prius
1634 1070 1798 1101 exinanitus
1808 1068 1876 1100 effer
1891 1070 1984 1101 forma
1999 1070 2071 1102 serui
2088 1082 2136 1103 ac-

405 1131 491 1159 cepta
500 1139 508 1153 ‚
519 1130 589 1150 tunc
600 1119 690 1149 vic'loi
708 1129 813 1149 mortis
824 1139 833 1152 ,
844 1120 873 1149 &
884 1117 1023 1147 dominus
1034 1116 1099 1148 vitae
1109 1114 1225 1147 emersu:
1236 1136 1244 1151 ‚
1256 1125 1287 1147 vt
1299 1110 1417 1148 nihilad
1429 1114 1605 1146 maiestatem
1615 1117 1671 1146 Dei
1682 1114 1756 1145 Filio
1767 1135 1774 1149 ,
1784 1116 1814 1145 δι
1827 1114 1946 1155 quidem
1964 1116 2135 1158 vnigenito,

405 1164 526 1206 dignam
538 1165 577 1193 illi
589 1161 705 1194 detffer.

438 1221 469 1248 34
516 1211 586 1239 Non
600 1207 778 1238 reuersurum
792 1203 934 1247 posthac.)
956 1205 1090 1237 Alterum
1102 1214 1182 1236 nunc
1192 1204 1359 1235 membrum
1369 1204 1471 1236 attexit
1485 1223 1493 1236 ,
1504 1203 1652 1236 Christum
1664 1202 1749 1234 semel
1762 1202 1918 1234 excitatum
1930 1203 1945 1234 a
1957 1204 2092 1238 mortuis,
2102 1213 2135 1236 vt

405 1264 546 1284 :eternum
558 1252 914 1294 viuat,quemadmoduin
925 1252 1030 1281 Paulus
1042 1251 1127 1281 docet
1138 1252 1262 1280 Romus.
1277 1253 1342 1279 Non
1355 1251 1479 1290 amplius
1490 1249 1614 1279 moritur
1628 1271 1637 1282 ‚
1650 1258 1705 1278 nec
1715 1249 1841 1288 amplius
1850 1258 1928 1278 mors
1940 1249 1979 1278 illi
1998 1250 2134 1279 domina-

407 1299 488 1335 bitur
504 1297 588 1338 :quia
598 1298 670 1328 viuir
682 1300 760 1327 Deo.
782 1299 924 1337 Perquam
941 1298 1021 1326 enim
1034 1305 1129 1325 tenuis
1140 1296 1170 1325 &
1189 1293 1291 1335 frigida
1302 1292 1368 1325 esset
1383 1294 1489 1324 fiducia
1499 1303 1532 1324 ex
1541 1292 1646 1324 Christi
1658 1292 1869 1323 resurreetione
1879 1303 2020 1335 concepta
2033 1315 2043 1329 ‚
2054 1292 2072 1323 fi
2085 1294 2136 1325 ad-

407 1342 466 1372 huc
478 1342 613 1373 interitus
624 1352 677 1379 aut?
686 1341 742 1373 vlla
753 1343 877 1372 mutatio
889 1351 955 1371 eum
966 1349 1107 1371 maneret.
1129 1340 1207 1380 Ergo
1221 1337 1360 1380 tngress'us
1371 1337 1424 1369 effe
1435 1339 1540 1370 dicitur
1551 1349 1671 1380 regnum
1682 1339 1785 1371 Dei,vt
1795 1347 1940 1378 perpetuo
1951 1339 2053 1369 viuens
2069 1337 2135 1369 suos

409 1397 529 1428 quoque
539 1396 642 1417 aeterna
655 1385 796 1418 felicitate
808 1386 914 1421 donet2
935 1389 1011 1415 Nam
1023 1385 1090 1426 quia
1101 1382 1189 1413 nobis
1202 1382 1288 1413 resurr
1297 1383 1353 1421 ertit
1365 1383 1497 1414 christus
1509 1393 1607 1424 potius
1618 1381 1963 1424 q·.:*tm·sibi‚perpetu:tas
1973 1384 2036 1414 virae
2046 1393 2134 1424 quam

409 1432 450 1462 illi
464 1442 544 1472 pater
557 1432 685 1462 contulit
697 1453 704 1465 ‚
715 1431 749 1462 ad
762 1440 815 1460 nos
828 1440 932 1460 omnes
944 1431 1128 1463 extenditur,
1142 1438 1173 1457 ac
1185 1427 1277 1457 nostra
1289 1428 1338 1460 est.
1361 1428 1483 1458 Videtur
1495 1439 1593 1458 tamen
1605 1429 1686 1457 locus
1695 1425 1767 1458 Isaiae
1777 1428 1827 1468 qui
1848 1423 1898 1459 hic
1915 1427 2068 1458 adducitur
2078 1449 2087 1463 ‚
2098 1428 2135 1460 ad

408 1475 591 1518 probandam
603 1476 709 1507 Christi
721 1475 970 1509 immortalitatem
982 1473 1055 1504 nihil
1065 1471 1158 1503 facere
1171 1491 1179 1505 ,
1190 1474 1278 1502 Dabo
1288 1471 1475 1504 vobissanch
1487 1472 1584 1503 Dauid
1597 1471 1704 1505 fidelia.
1730 1473 1785 1504 Sed
1797 1482 1857 1502 non
1876 1481 1914 1502 xta
1932 1471 1970 1502 est
1981 1483 1988 1501 ·.
1999 1483 2065 1502 narn
2075 1474 2133 1514 qus}

408 1522 445 1552 de
455 1521 661 1561 redemptione
673 1520 780 1551 Dnndi
792 1517 927 1561 promissa
938 1519 1075 1561 loquatur
1087 1516 1172 1547 Isaias
1183 1534 1190 1547 >
1203 1517 1233 1546 δι
1246 1527 1308 1547 eam
1323 1516 1453 1546 stabilem
1466 1528 1498 1547 ac
1510 1516 1592 1547 fixam
1605 1514 1667 1546 fore
1678 1513 1795 1550 afferat,
1809 1516 1877 1546 hinc
1887 1518 1940 1547 rite
1955 1517 2135 1559 colligimus,

406 1564 572 1597 immortale
582 1565 688 1599 Christi
701 1575 822 1606 regnum
836 1566 864 1594 in
876 1573 936 1604 quo
947 1562 1065 1593 fundata
1075 1562 1112 1591 ess
1125 1559 1271 1591 aeternitas
1281 1560 1385 1592 salutis.
1408 1564 1526 1592 Graecos
1536 1569 1632 1591 autem
1645 1571 1818 1601 interpretes
1828 1559 1964 1601 saquntus
1973 1561 2013 1591 est
2029 1561 2136 1592 Paulus

407 1621 499 1651 quum
517 1621 527 1638 s
541 1621 554 1638 Α
565 1621 653 1640 uera
666 1621 719 1650 pro
728 1607 936 1639 Misericordiis
945 1604 1039 1647 posuit
1054 1616 1141 1636 cuns
1153 1615 1217 1634 εει)
1233 1604 1331 1645 „quod
1343 1604 1522 1636 mansuetum
1535 1627 1542 1638 ,
1560 1604 1723 1645 benignum
1743 1606 1774 1635 δι
1790 1604 1968 1634 clementem
1980 1603 2133 1646 fignificat,

405 1655 499 1685 Graeci
510 1652 599 1684 solent
612 1653 748 1684 Sanctum
763 1652 894 1682 reddere.
920 1651 993 1681 Ideo
1005 1650 1141 1681 hocloco
1152 1651 1227 1675 ’ἾΟΠ
1238 1646 1335 1680 Dauid
1346 1671 1353 1684 ‚
1364 1658 1516 1681 verterunt
1527 1648 1618 1679 saneta
1630 1647 1764 1681 Dauidis,
1777 1659 1866 1688 quum
1878 1649 1977 1689 potius
1988 1649 2135 1691 intelligat

404 1699 558 1739 Propheta
570 1696 734 1738 promissam
747 1696 854 1727 Dauidi
866 1696 998 1738 gratiam.
1021 1694 1077 1725 Sed
1087 1695 1145 1724 hoc
1157 1695 1279 1725 rudibus
1289 1694 1453 1726 &infirmis
1463 1693 1599 1724 conccffit
1611 1692 1717 1724 Paulus
1727 1714 1736 1726 ,
1747 1693 1796 1732 qui
1811 1694 1914 1723 Graeca?
1930 1693 2052 1724 lectioni
2071 1705 2133 1724 ma-

390 1742 450 1784 ‚gis
460 1740 828 1782 affuetierant2p1·aesertim
839 1751 928 1781 quum
939 1740 982 1770 vis
992 1738 1151 1769 testimonii
1161 1738 1232 1768 alibi
1243 1737 1290 1767 stta
1300 1736 1377 1767 esset.
1403 1741 1467 1767 Hoc
1477 1737 1597 1768 enimin
1609 1736 1715 1766 summa
1725 1737 1786 1766 vult
1796 1736 1904 1766 Paulus
1916 1759 1923 1771 ,
1933 1739 1961 1766 Si
1971 1748 2074 1768 aeterna
2092 1737 2134 1768 est

259 1862 360 1886 2.Cot.t.

262 1902 323 1919 mro.

266 1989 397 2017 Ast.2.d.27

269 2561 352 2592 Philip.
361 2567 379 2588 ς.

266 2596 282 2619 d
294 2604 322 2618 ιι.

404 1787 497 1829 gratia
507 1809 515 1821 ‚
527 1797 612 1827 quam
625 1789 707 1816 Deus
717 1785 741 1816 se
754 1787 781 1814 in
791 1787 863 1814 Filio
874 1784 1008 1813 daturum
1021 1782 1191 1822 pronuntiat
1201 1799 1209 1814 ,
1222 1782 1311 1811 vitam
1324 1781 1386 1811 Filii
1396 1780 1527 1811 'similiter
1538 1791 1669 1810 aeternam
1682 1777 1749 1816 effe,
1761 1791 1812 1810 nec
1824 1782 1981 1811 mutationi
1993 1783 2136 1813 obnoxii.

403 1831 546 1862 Tenenda
557 1830 595 1860 est
606 1833 684 1860 enim
695 1827 890 1870 regula‚quod
901 1826 1071 1857 omnesDei
1082 1825 1289 1867 promissiones
1298 1825 1328 1855 in
1338 1825 1456 1856 Christo
1469 1825 1533 1856 suut
1543 1825 1635 1856 Etiam
1645 1827 1676 1856 &
1687 1827 1830 1857 Amenzac
1839 1825 1962 1867 proinde
1972 1827 2072 1869 vigere
2081 1837 2134 1858 ne-

401 1874 576 1917 queattt‚ntfi
589 1884 634 1904 eas
647 1873 790 1904 viuificet.
994 1881 998 1884 ’

437 1930 463 1959 35
495 1923 569 1949 Non
579 1919 734 1960 permittes
742 1917 869 1949 sanctum
881 1916 986 1957 tuum.)
998 1917 1053 1948 Hic
1063 1916 1147 1949 locus
1157 1915 1172 1947 a
1183 1919 1273 1948 Petro
1281 1914 1369 1947 etiam
1381 1914 1522 1947 adductus
1540 1913 1594 1947 fuit
1606 1936 1614 1950 ,
1624 1913 1653 1948 in
1669 1914 1761 1955 prima
1779 1914 1926 1946 concione
1942 1924 2028 1956 quam
2047 1913 2131 1957 supra

408 1963 503 1995 retulit
517 1967 608 1994 Lucas
619 1963 715 2004 capite
725 1976 749 1994 2.
760 1963 813 1993 vbi
825 1959 891 1993 euni
903 1962 1032 2004 exposui.
1058 1961 1128 1992 illuc
1139 1962 1228 2003 igitur
1237 1960 1361 1992 lectores
1369 1959 1394 1991 se
1404 1959 1539 1991 referant.
1561 1957 1687 1991 Tantum
1699 1960 1756 1990 hoc
1764 1960 1897 1991 breuiter
1908 1960 2134 2003 attingam.duas

409 2018 497 2041 voces
508 2009 667 2038 Hebraicas
678 2019 737 2048 pru
746 2007 900 2049 sepulchro
913 2005 1134 2047 poniaDauide
1147 2028 1154 2041 ,
1170 2016 1199 2037 vt
1210 2006 1283 2036 tritoe
1295 2009 1354 2036 lunt
1365 2004 1442 2047 apud
1461 2015 1528 2035 eum
1551 2005 1892 2047 repetitiones,quarum
1914 2015 1990 2046 prior
2009 2004 2136 2036 deducta

408 2054 448 2085 est
458 2053 471 2083 ὲ
483 2051 719 2093 εοηευρίίὶεηάο
729 2075 736 2089 ,
748 2050 950 2094 quia‘sepulchi
959 2063 1006 2082 um
1019 2060 1156 2092 tanquam
1168 2060 1275 2092 gurges
1287 2048 1455 2081 insatiabilis
1465 2049 1564 2080 omnia
1574 2049 1712 2080 deuoret:
1723 2050 1811 2080 altera
1821 2048 1915 2080 verba
1931 2050 2134 2092 corruptione.

410 2097 570 2129 secundum
581 2097 655 2129 hanc
667 2097 879 2138 etymologiam
891 2117 899 2132 ‚
909 2095 1033 2127 fideliter
1044 2094 1144 2127 Graece
1157 2092 1301 2136 expressus
1310 2094 1349 2125 est
1360 2093 1450 2125 sensus
1461 2093 1595 2127 Dauidis-
1631 2101 1748 2123 notatur
1759 2094 1836 2124 enim
1847 2092 1989 2134 sepulchri
1999 2091 2134 2136 qualitas,

410 2153 501 2184 quum
513 2152 662 2173 mortuum
674 2141 797 2173 cadauer
808 2143 912 2183 recipit
922 2162 930 2176 ,
942 2143 971 2173 δε
983 2139 1058 2182 quasi
1069 2139 1227 2173 absorbet,
1239 2149 1269 2170 vt
1281 2138 1340 2170 illic
1351 2138 1512 2180 putrescat,
1524 2136 1681 2170 &tandem
1692 2136 1895 2179 consumptum
1913 2148 2022 2179 pereat.
2057 2137 2091 2168 1d
2102 2139 2133 2169 in

411 2180 560 2218 Christum
573 2186 663 2216 solum
676 2196 846 2227 competere
855 2179 974 2218 affirmat
985 2184 1201 2226 1>aulus‚qubd
1212 2183 1362 2215 seruatusa
1381 2183 1574 2224 corruptione
1592 2182 1730 2211 immunis
1749 2180 1849 2219 fuerit.
1886 2193 1951 2213 nam
1969 2181 2049 2224 quod
2067 2182 2132 2213 eius

411 2241 518 2271 corpus
532 2233 560 2262 'm
573 2229 724 2270 sepulchro
734 2229 788 2261 fuit
798 2229 1041 2266 conditum,niltil
1051 2240 1207 2272 propterea
1221 2228 1288 2259 iuris
1299 2228 1402 2259 habuit
1412 2228 1441 2258 in
1452 2226 1543 2270 ipsum
1554 2225 1810 2268 corruptio,qtium
1827 2226 1887 2258 illic
1903 2227 2049 2270 integrum
2069 2237 2131 2258 non

411 2273 493 2305 secus
503 2286 589 2316 atque
601 2278 628 2304 in
641 2274 718 2305 lecto
731 2275 850 2306 iacuerit
859 2275 948 2317 vsque
958 2274 994 2306 ad
1003 2273 1318 2305 dicim-esurrecrionis.
1470 2281 1474 2284 ·
1915 2297 1920 2301 ,

445 2331 478 2359 37
511 2322 538 2349 D
554 2331 569 2348 A
581 2329 597 2349 ν
608 2330 618 2347 1
632 2330 651 2348 r>
679 2329 753 2354 σαν
768 2330 789 2348 M
815 2333 836 2350 ἢ
850 2332 867 2350 τ
882 2331 898 2348 Α
912 2331 930 2349 τ
944 2331 956 2350 t
984 2329 997 2347 s
1015 2330 1032 2350 v
1043 2332 1066 2349 ιε
1080 2316 1285 2359 inseruiiffet.)
1311 2317 1423 2359 Nequis
1433 2316 1594 2349 obiiceret,
1606 2314 1666 2346 illic
1685 2313 1730 2356 agi
1753 2312 1790 2344 de
1806 2313 1922 2345 Dauide
1934 2335 1942 2349 ,
1953 2312 2064 2346 mature
2080 2312 2134 2346 oc·

414 2365 503 2394 currit
515 2362 619 2393 Paulus
631 2383 640 2398 ,
650 2365 882 2393 nonrconuenite
893 2363 950 2394 hoc
960 2363 1042 2393 omni
1052 2372 1085 2391 ex
1097 2372 1176 2401 parte
1185 2363 1294 2393 Dauidi
1305 2383 1313 2397 ,
1323 2364 1405 2392 cuius
1417 2360 1537 2391 cadauer
1546 2359 1699 2401 putredine
1710 2360 1738 2390 in
1755 2357 1908 2400 sepulchro
1926 2359 2133 2401 consumptum

415 2406 480 2438 fuit.
515 2407 610 2438 Restat
619 2417 690 2447 ergo
700 2429 707 2441 ,
717 2408 784 2447 quia
795 2405 936 2447 singulare
946 2405 1062 2439 fitistud
1072 2405 1179 2443 Christi
1190 2405 1376 2446 priuilegium
1388 2426 1395 2438 ,
1406 2406 1442 2436 de
1453 2415 1489 2434 eo
1499 2405 1687 2435 vaticinatum
1699 2404 1728 2433 in
1744 2404 1851 2445 Spiritu
1873 2401 1954 2434 fuiffe
1975 2404 2133 2434 Dauidem.

414 2455 531 2482 Interea
543 2451 671 2487 notanda
682 2449 722 2481 est
734 2452 809 2481 inter
820 2450 951 2481 membra
964 2452 994 2481 3(
1007 2459 1091 2489 caput
1103 2450 1266 2489 proportio.
1298 2459 1364 2479 nam
1374 2447 1457 2478 sicuti
1470 2447 1554 2488 plena
1566 2451 1595 2479 &
1608 2447 1734 2478 absoluta
1747 2448 1831 2478 huius
1843 2447 1972 2478 vaticinii
1988 2447 2132 2479 veritasin

416 2496 534 2526 Christo
545 2495 607 2526 solo
617 2505 755 2536 tanquam
766 2494 794 2525 in
806 2495 901 2534 capite
911 2494 1006 2524 extitit
1018 2494 1070 2523 :ita
1084 2493 1112 2522 in
1124 2492 1241 2533 fingulis
1250 2491 1393 2522 membris
1403 2493 1479 2522 iuxta
1489 2491 1626 2534 cuiusque
1636 2491 1756 2523 modum
1769 2495 1799 2524 δε
1815 2492 1949 2523 ordinem
1968 2492 2066 2523 locum
2083 2492 2134 2522 ha-

415 2539 477 2571 bet.
514 2541 620 2577 Qtum
631 2550 726 2569 autem
739 2539 766 2568 in
778 2538 855 2571 hunc
867 2538 954 2569 finem
966 2536 1146 2567 resurrexerit
1159 2536 1306 2569 cnr-istus,
1319 2546 1348 2566 vt
1361 2546 1466 2577 corpus
1485 2537 1613 2567 nostrum
1637 2537 1748 2567 humile
1765 2535 1933 2568 conformet
1950 2537 2065 2578 corpori
2082 2535 2132 2566 suo

416 2583 544 2626 glorioso
556 2597 561 2614 ;
572 2585 624 2615 hac
634 2584 701 2624 lege
710 2583 749 2623 pii
760 2584 788 2613 in
799 2581 914 2613 foueam
924 2581 1120 2621 descendunt,
1129 2590 1160 2612 Vt
1169 2590 1270 2611 eorum
1281 2590 1406 2621 corpora
1417 2581 1542 2622 putredo
1554 2591 1612 2613 non
1623 2580 1762 2612 absumat.
1793 2583 1873 2622 Ergo
1884 2579 2041 2611 secundum
2052 2579 2132 2621 spem

417 2628 518 2660 futurae
528 2629 711 2659 liberationis
724 2628 821 2658 Dauid
832 2627 892 2657 iure
903 2626 1038 2668 praedicat
1047 2647 1056 2662 ‚
1066 2624 1092 2656 se
1103 2625 1324 2665 corruptionem
1337 2636 1396 2655 non
1408 2625 1547 2663 visurum,
1572 2636 1668 2668 neque
1679 2625 1757 2656 enim
1770 2625 1921 2665 corruptio
1933 2626 2050 2665 penitus
2060 2635 2132 2655 cen-

417 2673 469 2704 seri
480 2673 628 2706 debet,cui
639 2681 736 2713 parata
747 2671 786 2702 est
797 2673 901 2702 melior
912 2670 1161 2712 instauratiozitleo
1172 2669 1250 2710 en-im
1261 2668 1428 2709 putrescunt
1437 2669 1567 2700 fidelium
1578 2681 1700 2710 corpora
1710 2692 1719 2706 ,
1728 2679 1759 2700 vt
1770 2669 1885 2699 beatam
1903 2667 2129 2708 incorruptffone

416 2718 468 2748 suo
477 2728 610 2757 tempore
621 2715 811 2751 induant-Sed
820 2717 878 2746 hoc
891 2726 949 2745 non
962 2714 1069 2749 obstat,
1080 2715 1149 2755 quin
1161 2712 1249 2754 longe
1258 2712 1347 2753 dispar
1357 2713 1386 2743 iit
1396 2715 1499 2754 capitis
1509 2718 1538 2746 δε
1550 2715 1753 2746 membrorum
1766 2713 1913 2748 conditio,
1924 2715 1954 2745 &
1966 2725 2019 2744 nos
2027 2713 2130 2744 Filium

419 2762 478 2793 Dei
488 2761 589 2803 procui
603 2763 633 2792 Se
643 2759 944 2801 lentesubsequamur.
979 2763 1064 2791 Nunc
1073 2758 1205 2796 videmus
1216 2768 1372 2798 Vtrumque
1384 2756 1438 2789 esse
1449 2770 1549 2790 verum
1563 2781 1572 2795 ‚
1590 2761 1620 2790 δε
1638 2767 1835 2800 congruenter
1849 2758 1906 2789 dici
1918 2779 1926 2793 ‚
1939 2759 2018 2799 qu‘od
2034 2757 2131 2788 Dauid

422 2810 454 2838 δε
465 2807 569 2848 reliqui
584 2806 685 2837 fideles
694 2814 835 2846 quatenus
845 2804 895 2835 suo
907 2803 993 2845 capiti
1006 2802 1174 2838 conformes
1186 2800 1276 2833 futuri
1288 2801 1361 2837 sunt,
1371 2813 1431 2834 nou
1443 2802 1495 2834 lint
1504 2803 1589 2835 visuri
1600 2803 1869 2844 corruptionem&
1879 2812 1975 2833 tamen
1990 2812 2063 2834 vnus
2071 2801 2130 2832 Dei

418 2851 543 2881 Filiusin
566 2849 688 2881 solidum
707 2850 721 2880 Ξι
740 2850 935 2890 corruptione
949 2845 1022 2879 liber
1033 2851 1064 2880 δε
1076 2845 1322 2891 irnrnunisfuerit·
1353 2847 1488 2879 Notanda
1499 2848 1669 2880 estlocutio.
1681 2858 1771 2888 quum
1781 2846 2006 2878 dicitDauidem
2019 2845 2125 2878 mm

419 2894 470 2924 suae
481 2894 642 2930 inseruiffe‚
657 2894 702 2926 vel
715 2893 886 2925 hominibus
895 2892 934 2924 sui
945 2892 1098 2934 temporis.
1132 2895 1209 2923 secus
1221 2890 1464 2932 distinguitvetus
1481 2893 1642 2932 interpres,
1655 2894 1686 2923 δι
1702 2890 1830 2933 quaedam
1839 2893 1939 2923 Graeca
1955 2889 2129 2934 exemplaria

417 2936 604 2977 suffragantur
615 2961 624 2974 ,
636 2949 740 2978 nempe
749 2937 831 2980 quod
842 2937 938 2968 Dauid
948 2947 1025 2979 etate
1036 2937 1080 2968 sua
1091 2936 1219 2967 seruierit
1228 2936 1284 2966 Dei
1296 2934 1440 2967 voluntati
1453 2947 1513 2977 quae
1523 2937 1613 2968 lectio
1630 2935 1742 2968 tametfi
1761 2935 1926 2975 probabilis
1942 2936 1998 2970 est,
2009 2947 2069 2968 non
2087 2946 2129 2967 ta·

419 2992 488 3012 men
497 2982 565 3013 facit
575 2994 602 3013 vt
614 2983 628 3014 a
638 2981 747 3014 diuersa
756 2982 871 3014 auellat.
904 2992 1001 3023 neque
1012 2978 1082 3013 vero
1093 2980 1298 3023 superuacuum
1310 2979 1348 3009 est
1360 2980 1405 3010 vel
1415 2979 1552 3022 frigidum
1564 2976 1772 3018 ‚obdormiisse
1782 2980 1839 3010 Dei
1850 2980 2001 3011 voluntate
2019 2981 2065 3011 vel
2075 2982 2130 3012 (ὁ-

420 3024 483 3056 filio
494 3038 501 3056 :
512 3027 576 3066 quia
588 3026 727 3068 fignificat
737 3029 852 3061 ‚Deum
863 3027 892 3058 in
906 3036 1002 3057 morte
1015 3026 1137 3056 Dauidis
1147 3021 1294 3056 nonfuiffe
1305 3023 1429 3055 oblitum
1441 3026 1517 3056 illius
1526 3026 1656 3057 vaticinii
1666 3037 1674 3056 :
1684 3035 1717 3056 ac
1735 3023 1754 3055 fi
1774 3023 1902 3057 diceret,
1913 3033 1972 3053 non
1990 3023 2050 3056 fine
2069 3025 2128 3056 Dei

419 3069 540 3101 consilio
552 3071 672 3110 Dauidis
682 3082 787 3112 corpus
797 3072 825 3101 in
837 3070 989 3113 sepulchro
999 3067 1114 3101 iacuisse
1123 3072 1217 3101 donec
1226 3067 1401 3110 resurgeret,
1412 3079 1442 3100 vt
1451 3067 1594 3110 suspensus
1605 3071 1736 3102 indueret
1745 3068 1904 3110 prophetiae
1913 3065 2030 3100 effeetus
2041 3069 2129 3112 vsque

421 3115 457 3146 ad
468 3114 626 3146 Christum.
647 3113 668 3144 fi
677 3125 736 3145 non
747 3115 878 3156 displicet
889 3116 969 3157 quod
981 3113 1099 3155 profero
1111 3133 1121 3147 2
1131 3114 1199 3145 hinc
1208 3123 1361 3144 monemur
1370 3112 1504 3153 quorsum
1515 3115 1654 3146 homines
1664 3114 1765 3146 viuant
1781 3113 1810 3144 in
1827 3111 1938 3143 mundo
1949 3134 1956 3146 ‚
1967 3123 1997 3144 vt
2017 3112 2128 3146 scilicet

420 3159 469 3200 alij
479 3158 550 3189 alios
561 3169 660 3189 mutua
669 3161 939 3191 communicatione
951 3160 1063 3190 iuuent.
1088 3154 1192 3200 Neque
1203 3158 1280 3188 enim
1291 3156 1341 3187 fibi
1356 3158 1476 3199 quisque
1487 3169 1569 3199 natus
1579 3157 1677 3195 est,sed
1687 3159 1763 3189 iuter
1771 3157 1797 3188 se
1807 3155 1883 3197 quasi
1894 3154 1971 3187 sacro
1981 3168 2054 3189 nexu
2065 3158 2128 3190 col.

418 3201 539 3245 ligatum
551 3201 590 3241 est
602 3205 761 3233 humanum
773 3214 873 3244 genus.
896 3206 975 3246 Ergo
987 3202 1036 3233 nifi
1047 3203 1128 3244 leges
1139 3213 1243 3233 naturae
1252 3211 1382 3233 euertere
1391 3201 1484 3232 libeat
1494 3224 1501 3237 ‚
1512 3204 1732 3234 meminerimus
1749 3210 1808 3232 non
1827 3201 1960 3240 priuatim
1980 3203 2068 3234 nobis
2083 3203 2128 3234 vi-

420 3247 550 3278 uendum
560 3244 614 3277 effe
624 3268 632 3282 ‚
643 3245 688 3276 sed
700 3247 838 3288 proximis
850 3248 960 3289 nostris⁸>
985 3247 1041 3278 Sed
1052 3247 1183 3288 queritur
1193 3269 1201 3282 ‚
1211 3256 1309 3277 annon
1319 3247 1444 3277 curanda
1463 3245 1495 3277 stt
1515 3249 1602 3279 etiam
1624 3247 1790 3289 posteritas?
1801 3243 1976 3285 Respondeo
1986 3268 1994 3282 ‚
2003 3247 2127 3277 Piorum

420 3291 539 3330 quidem
551 3290 739 3323 ministerium
751 3291 871 3331 posteris
881 3293 967 3323 eriam
977 3291 1047 3323 vtile
1057 3291 1112 3322 esse
1123 3304 1129 3322 :
1140 3291 1386 3332 quemadmodum
1397 3289 1484 3321 hodie
1494 3291 1632 3323 sentimus
1643 3289 1786 3322 Dauidem
1798 3299 1947 3322 mortuum
1958 3291 2022 3330 plus
2039 3286 2128 3322 nobis

421 3334 552 3373 prodesse
565 3335 665 3376 ‚quam
675 3345 810 3376 'magnam
822 3346 922 3366 eorum
932 3344 1043 3374 partem
1054 3336 1103 3376 qui
1115 3335 1271 3366 nobiscum
1285 3334 1512 3366 viuu'ntwertlm
1525 3335 1688 3376 simplicitet
1701 3333 1842 3374 intelligit
1850 3334 2071 3370 Paulus,fideles
2082 3345 2129 3365 to·

418 3386 451 3408 to
460 3378 519 3418 vite
529 3379 606 3409 cursu
617 3379 754 3419 proximis
765 3378 789 3409 se
800 3382 830 3411 Sc
840 3378 886 3410 sua
896 3379 988 3410 officia
998 3377 1168 3420 impendere
1179 3399 1188 3412 ,
1201 3389 1326 3411 mortem
1337 3377 1405 3409 verb
1416 3377 1472 3408 illis
1491 3378 1544 3409 effe
1566 3379 1642 3422 quasi
1662 3388 1768 3412 meram
1779 3399 1786 3412 ‚
1805 3378 1870 3418 quia
1892 3389 1961 3410 tunc
1982 3378 2128 3419 perfuncti

422 3419 587 3462 sunt,quum
598 3434 647 3453 eos
655 3423 802 3454 Dominus
812 3423 947 3454 e'mundo
957 3425 1190 3455 euocat-Summa
1202 3422 1339 3460 est‚seculi
1351 3422 1440 3453 nostri
1452 3424 1614 3455 habendam
1625 3423 1718 3465 primo
1729 3420 1783 3452 esse
1791 3422 1978 3458 rationem,vt
1993 3421 2128 3454 fratribus

418 3465 683 3498 nostrisseruiamus
693 3468 865 3510 quibuscum
875 3468 939 3501 vitae
948 3467 1068 3500 societas
1076 3468 1165 3499 nobis
1176 3468 1216 3499 est
1225 3467 1369 3513 {secundo
1383 3477 1481 3500 autem
1492 3468 1614 3502 dandam
1628 3468 1683 3501 effe
1694 3477 1813 3508 operam
1825 3476 1855 3498 vt
1871 3465 2019 3508 minister-ij
2038 3466 2126 3497 nostri

1223 3526 1230 3538 t
1305 3558 1307 3561 .
2019 3509 2131 3543 fruitus
