2310 3841
45 2707 132 2736 zen-3.
142 2706 163 2729 d.

673 163 1038 209 SECVNDVM
1076 167 1456 212 IOHANNEM.

202 232 295 268 Deus
305 233 394 269 verbi
407 232 449 267 sui
461 235 532 268 luce
543 233 640 269 nobis
656 235 858 282 affulget-Sed
869 233 921 270 hic
931 248 1027 282 pecu-

203 282 324 317 liariter
343 284 521 318 Iohannem
540 296 633 318 ornat
642 284 705 318 hoc
716 284 826 331 elogio
838 307 848 320 ,
872 294 928 329 per
938 286 1027 319 cuius

205 330 419 366 ministerium
437 335 528 368 Deus
544 332 690 367 Ecclesiae
701 330 757 367 suae
769 333 871 372 multo
883 333 1026 368 luculen-

206 379 268 413 tius
282 379 404 416 affulsit.

254 432 292 471 36
327 430 436 464 Habeo
454 430 551 462 maius
567 428 786 472 testimonium.)
813 428 982 478 Postquam
993 432 1027 466 in

199 477 332 519 Pedona
348 478 502 512 lobannis
517 479 612 523 praue
625 480 641 512 a
652 478 764 512 ludaeis
777 477 1023 524 corruptt'ifuiffe

194 524 395 561 Dei-donum
407 526 566 564 ostenuit,
592 524 1023 575 iamsecundorepctitquod

193 572 334 613 dixerat,
353 574 409 608 fibi
429 587 495 608 non
504 587 585 620 opus
595 574 655 608 else
666 574 809 608 hominis
819 577 1020 616 testimonio,

193 621 279 667 quasi
290 635 356 657 non
366 620 496 657 sufficiat
507 622 570 669 ipse
581 622 649 656 libi.
675 625 869 670 Quanquam
880 637 920 659 eo
932 626 1021 672 quod

193 668 352 715 despectui
364 670 392 706 se
403 671 464 706 cfl'e
481 671 610 707 videbat
619 693 630 715 ⁹.
658 683 714 705 eos
725 684 815 718 more
827 673 880 706 suo
891 685 1020 708 reuocat

194 716 235 751 ad
247 722 380 754 Patrem.
398 723 502 769 Opera
511 733 587 755 emm
597 731 659 764 quae
667 722 761 754 dedit.
777 723 855 756 Duo
866 722 900 756 in
911 724 1020 758 medin

193 763 318 811 profert
333 769 450 816 quibus
460 766 652 816 approbatus
663 769 706 803 est
719 769 815 804 Filius
825 772 904 805 Dei.
915 774 1018 809 Pater,

194 815 319 862 inquit,
349 818 509 852 miraculis
518 816 632 850 Filium
644 815 732 852 suum
743 817 802 853 effe
812 819 940 854 testatur
959 833 967 853 z
986 824 1018 855 &

194 863 376 911 priusquam
392 867 426 899 in
445 865 596 900 mundum
613 865 777 906 venirem,
800 868 881 901 mihi
892 869 924 900 in
935 867 1018 901 Scri-

193 914 297 958 pturis
321 912 433 948 sanetis
462 913 606 956 locuples
623 911 844 950 testimonium
869 915 1021 949 reddidit.

196 962 445 995 Meminerimus
460 960 580 1006 semper
591 959 742 1006 quorsum
756 964 877 998 tendat.
898 964 979 998 Vult
993 961 1023 997 se

1890 203 1909 234 9

1075 235 1264 283 promissum
1277 238 1293 272 a
1304 243 1380 273 neo
1389 239 1535 276 Meffiam
1550 242 1697 289 agnosci,
1708 254 1741 278 vt
1750 200 1902 284 audiatui.

1075 287 1193 321 Talem
1220 299 1299 335 ergo
1323 286 1354 322 se
1374 300 1457 323 nunc
1485 302 1517 323 re
1536 291 1595 335 ipsa
1618 290 1707 327 fuiffe
1723 293 1901 330 exhibitum

1079 337 1248 371 contendit
1266 336 1558 383 qnalemScriptura
1574 341 1731 385 praedicat.
1771 343 1901 386 Quaeri-

1078 393 1130 418 tur
1145 396 1185 418 an
1201 386 1239 420 ad
1258 386 1290 419 id
1305 383 1507 429 probandum
1529 398 1680 431 quantum
1700 390 1770 424 satis
1782 392 1825 424 est
1845 404 1900 426 va·

1075 433 1161 467 leant
1177 433 1328 468 miracula
1346 445 1444 479 quum
1456 432 1567 468 similia
1577 437 1662 480 prius
1672 438 1755 472 edita
1773 436 1900 473 fuifl'ent

1071 480 1276 526 al'rophetis.
1301 481 1510 527 Responde0‚
1522 494 1589 528 quae
1600 495 1655 528 per
1666 498 1795 520 manum
1815 491 1898 521 Pro—

1070 529 1238 574 phetarum
1256 532 1346 564 Deus
1364 528 1449 576 figna
1466 531 1566 565 edidit
1581 552 1592 568 ,
1616 544 1682 565 non
1708 535 1790 569 vltra
1808 534 1896 570 suum

1068 576 1167 612 finem
1187 579 1239 611 cui
1256 576 1408 612 destinata
1426 589 1513 612 erant
1532 579 1726 624 protendisse
1743 604 1753 619 ,
1782 594 1815 615 vr
1834 582 1895 618 sci-

1069 626 1145 660 licet
1162 627 1229 660 Dei
1247 625 1411 661 ministros
1428 624 1486 660 effe
1508 627 1715 662 ostenderent
1733 650 1743 667 ,
1768 630 1824 676 qui
1840 643 1896 664 au-

1068 675 1232 709 toritatem
1265 674 1357 709 aliter
1383 674 1533 710 obtinere
1563 688 1629 709 non
1650 688 1819 722 poterant,
1844 676 1897 712 sed

1066 724 1160 757 Deus
1170 724 1287 756 Filium
1305 723 1394 756 suum
1411 723 1504 758 altius
1515 724 1668 759 extollere
1677 726 1791 760 voluit.
1833 729 1896 761 At-

1066 783 1128 818 que
1151 769 1212 805 hoc
1228 771 1292 805 Dei
1311 771 1478 805 confilium
1498 784 1558 818 pro
1569 772 1710 818 scopein
1730 774 1894 809 miraculis

1067 819 1250 853 habendum
1261 817 1316 852 est.
1341 820 1431 866 Ergo
1444 819 1501 854 nisi
1512 821 1631 855 malitia
1647 822 1792 867 occupati
1803 821 1900 870 spon-

1068 878 1099 900 te
1119 868 1232 900 oculos
1250 865 1424 900 clausisseut
1441 889 1452 904 ,
1491 870 1637 903 Christus
1650 867 1814 915 signorum
1833 872 1900 905 vir-

1070 925 1137 948 tute
1152 914 1224 960 quis
1243 918 1274 948 δι
1295 915 1396 960 qualis
1407 914 1479 948 ess'ct
1495 915 1699 963 conspicuum
1718 917 1819 953 facere
1837 932 1899 967 po-

1072 972 1164 997 terat.

244 1070 288 1108 37
320 1063 362 1095 Et
370 1060 427 1111 qui
434 1057 524 1109 mifit
532 1073 587 1100 me
602 1068 713 1106 Pater,
723 1058 785 1114 ipse
795 1059 930 1114 testatus
944 1058 1040 1111 aestde
1047 1072 1224 1113 memeque
1236 1074 1356 1099 vocem
1367 1063 1440 1099 eius
1450 1060 1585 1112 audistis
1595 1075 1825 1116 vnquam,nec
1831 1067 1905 1118 spe-

200 1119 280 1154 ciem
289 1119 361 1152 etus
370 1113 514 1167 vtdzsta.

242 1173 281 1220 38
324 1178 368 1208 Ec
369 1178 558 1225 sermonem
568 1175 638 1211 eius
647 1187 717 1213 non
729 1171 855 1214 habeta
865 1176 902 1213 ia
912 1171 1011 1212 vobis
1028 1183 1244 1211 manentem:
1259 1177 1340 1228 quia
1359 1187 1460 1229 quem
1471 1173 1557 1226 mist!
1566 1175 1622 1247 {lle
1635 1202 1644 1219 ‚
1666 1176 1745 1215 huzc
1754 1192 1821 1217 vos
1833 1193 1905 1219 non

198 1228 343 1267 credula.

247 1297 288 1334 39
332 1279 535 1327 Scrutamini
544 1289 823 1344 Scripturas‚quia
833 1303 898 1327 vos
906 1286 1030 1344 putatas
1040 1288 1078 1324 in
1087 1286 1150 1326 illa
1160 1288 1273 1327 vitam
1283 1299 1439 1327 aeternam
1456 1283 1587 1338 habere.-
1595 1307 1606 1326 .·
1626 1287 1821 1343 &illaesum
1834 1304 1905 1344 qua

196 1341 362 1392 testamur
372 1343 415 1380 de
427 1357 492 1381 me.

255 1411 307 1444 40
351 1405 394 1437 Et
403 1413 470 1437 non
479 1401 586 1441 vultis·
599 1405 722 1443 venire
732 1402 780 1442 ad
786 1417 839 1441 me
858 1413 903 1440 vt
911 1403 1024 1440 vitam
1034 1396 1200 1438 habeatis.

197 1498 206 1505 ,
248 1462 285 1496 37
322 1456 362 1486 Et
372 1456 508 1500 quimtfit
518 1462 589 1497 me.)
607 1463 774 1505 Perperam
786 1459 849 1492 hoc
860 1457 898 1492 ad
906 1469 1020 1491 vocem

195 1510 231 1533 in
249 1501 411 1546 Baptismo
422 1505 489 1537 eius
500 1506 637 1541 auditam
649 1506 857 1553 restringitur.
895 1508 1020 1539 Patrem

196 1549 285 1581 enim
303 1549 449 1586 testatum
461 1553 493 1585 in
503 1556 664 1598 praeterito
675 1567 822 1601 tempore
831 1551 919 1587 fuisse
930 1553 1020 1590 dicit,

196 1605 232 1629 vt
248 1595 405 1642 sigmficet
422 1612 489 1632 non
501 1603 649 1647 ignotum
662 1601 691 1636 se
702 1603 850 1648 prodire,
869 1602 943 1648 quia
955 1601 1021 1646 pri-

196 1643 272 1678 dem
291 1645 323 1677 in
334 1647 424 1693 Lege
442 1652 473 1683 δι
483 1650 653 1695 Prophetis
664 1653 754 1685 illum
766 1652 857 1685 Deus
869 1648 1023 1696 insignie-

196 1703 244 1725 rit
254 1714 264 1729 ,
281 1704 314 1728 vt
324 1705 417 1730 notas
432 1696 499 1731 suas
510 1696 614 1733 secum
626 1698 750 1734 afferret
759 1701 843 1734 vnde
854 1697 955 1744 postet
964 1709 1022 1744 ag-

198 1739 299 1777 nosci.
309 1744 384 1778 Dei'i
394 1757 472 1792 ergo
482 1746 627 1782 testatum
639 1749 678 1783 de
689 1748 772 1782 Filio
783 1747 839 1782 suo
849 1745 908 1780 effe
921 1746 1021 1780 inter-

197 1799 307 1833 pretor
327 1794 455 1838 quoties
470 1795 551 1829 olim
566 1798 664 1830 veteri
682 1798 803 1842 populo
818 1795 924 1830 salutis
934 1793 1021 1841 spem

197 1835 272 1873 fecit
282 1862 292 1877 ‚
310 1843 359 1875 vel
368 1842 496 1887 plenam
504 1844 597 1892 regni
609 1844 700 1879 lsrael
710 1844 940 1879 instauratione
951 1842 1023 1888 pol-

194 1887 300 1922 licitus
310 1888 365 1923 est.
381 1897 424 1924 lta
434 1893 555 1926 iudaeos
565 1892 698 1927 decebat
715 1903 906 1938 conceptam
924 1890 1024 1924 habe-

194 1948 231 1970 re
241 1949 279 1971 ex
285 1936 446 1984 scripturis
455 1939 575 1972 Christi
586 1940 689 1973 ideam
700 1962 710 1977 ,
730 1950 900 1986 antequam
911 1939 944 1972 in
955 1950 1021 1973 car-

195 1995 237 2017 ne
248 1985 507 2020 manifestaretur.
518 1987 621 2030 Qod
635 1986 820 2032 praesentem
832 1989 939 2021 cotem
1010 1995 1024 2019 t

197 2031 500 2079 adeo'quereiiciunt
513 2057 523 2073 ‚
542 2047 582 2068 eo
593 2031 848 2080 planumfaciunt
861 2034 1023 2078 nullume

194 2078 315 2114 habere
326 2081 423 2128 Legis
433 2081 557 2130 gustum
573 2096 581 2116 :
602 2083 691 2129 quod
701 2083 795 2117 etiam
806 2081 868 2114 illis
879 2078 1025 2115 Christus

196 2128 380 2174 exprobrat.
407 2130 506 2177 Legis
525 2129 652 2166 scientia
663 2131 795 2176 perinde
805 2127 1025 2176 gloriabantur

199 2177 260 2211 acsi
272 2177 384 2213 inDei
395 2178 459 2212 sinu
471 2179 596 2213 educati
606 2179 841 2227 effentAELeque
849 2189 955 2212 vocem
963 2178 1026 2210 cius

198 2225 337 2268 audistis.
375 2225 522 2262 Christus
537 2227 708 2274 postquam
725 2227 754 2262 se
764 2239 829 2260 non
841 2225 1026 2270 recipicon-

199 2272 328 2319 questus
348 2274 393 2309 est
404 2303 412 2315 ,
428 2276 530 2310 acrius
549 2276 710 2310 inuehitur
729 2276 762 2309 in
783 2287 899 2310 eorum-
907 2274 1027 2307 caecita-

196 2333 276 2357 tem.
315 2324 417 2367 Qod
425 2326 536 2358 Vocem
545 2325 610 2358 Dei
619 2329 847 2370 cos'nunquam
857 2317 985 2358 audiffe,
996 2324 1028 2355 &

200 2371 328 2418 ,speciem
338 2380 501 2419 nunquam
512 2371 624 2407 vidisse
633 2370 949 2417 dicit‚metaphoricae
959 2366 1028 2401 sunt

199 2419 420 2465 loquutiones,
431 2421 547 2468 quibus
556 2422 588 2456 in
607 2421 727 2455 summa
735 2421 852 2454 docere
861 2418 941 2453 vult,
950 2416 1028 2449 alie-

201 2480 264 2501 nos
275 2467 334 2503 ess'e
346 2469 497 2516 prorsus&
510 2470 575 2504 Dei
596 2469 723 2504 notitia.
740 2470 828 2504 Nam
840 2464 929 2500 ficuti
939 2464 1027 2498 vultu

199 2520 232 2551 &
242 2515 388 2553 sermone
397 2518 548 2553 homines
554 2517 584 2552 se
592 2515 784 2564 patefaciunt
793 2539 803 2554 ‚
818 2517 863 2549 ita
873 2515 964 2548 Deus
972 2524 1028 2546 vo-

200 2578 270 2600 cem
280 2567 318 2599 ad
329 2579 388 2603 nos
401 2566 485 2601 suam
505 2567 736 2614 Prophetarum
747 2576 828 2599 voce
837 2562 977 2598 emittit,
995 2564 1027 2595 &

200 2615 234 2649 in
253 2614 455 2649 sacramentis
473 2614 557 2663 quasi
576 2614 732 2649 visibilem
753 2612 892 2647 formam
911 2608 1029 2645 induit,

198 2664 285 2698 vnde
295 2663 447 2711 cognosci
457 2676 517 2710 pro
528 2664 664 2698 modulo
674 2660 784 2696 nostro
793 2656 1028 2711 queat-Verum

199 2713 255 2761 qui
264 2715 373 2746 Deum
383 2712 416 2746 in
428 2712 498 2746 viua
510 2710 558 2746 sua
570 2710 678 2758 effigie
696 2722 762 2743 non
774 2707 935 2755 agnoscit,
958 2704 1028 2759 satis

199 2761 263 2795 hoc
281 2758 349 2805 ipso
366 2761 476 2805 prodit
485 2761 638 2799 „nullum
660 2757 690 2791 se
705 2768 826 2791 numen
844 2755 952 2789 colere
970 2752 1028 2787 nisi

201 2809 291 2856 quod
303 2806 368 2854 ipse
379 2806 557 2845 fabricauit.
583 2808 663 2842 Ideo
674 2806 789 2840 Paulus
798 2801 979 2850 oppositum
990 2814 1030 2834 o-

202 2858 283 2892 culis
293 2856 432 2903 ipsorum
443 2856 551 2890 velum
561 2855 640 2898 dicit
651 2876 662 2893 ‚
685 2866 726 2888 ne
735 2863 866 2888 cernant
878 2850 944 2886 Dei
955 2850 1030 2898 glo-

203 2906 283 2940 riam
294 2908 326 2939 in
336 2904 415 2939 facie
427 2902 560 2939 Christi.

240 2955 275 3000 38
309 2957 349 2987 Et
352 2953 518 2996 firmanem
528 2949 687 2989 etur->Hic
698 2961 790 2984 verus
800 2947 844 2983 est
855 2945 1031 2995 presteras,

206 3001 282 3036 dum
294 3002 413 3036 radices
427 3003 492 3051 qgit
503 3000 536 3033 in
547 2998 645 3033 nobis
653 2997 758 3031 sermo
769 2997 855 3035 Dei,
879 3003 913 3030 vt
924 2995 1030 3030 cordi-

207 3048 268 3083 bus
289 3050 406 3084 nostris
424 3049 539 3084 infixus
558 3058 676 3082 certam
696 3046 763 3080 illic
780 3044 886 3078 sedem
905 3043 1031 3077 habeat.

210 3097 336 3131 Caelesti
345 3099 454 3139 doctri,
476 3112 500 3133 ae
518 3097 626 3130 locum
638 3095 720 3140 apud
737 3094 859 3128 Iudaeos
871 3103 964 3139 negat
974 3090 1033 3125 effe

210 3140 444 3193 christumquia
490 3145 518 3181 ei
527 3145 644 3179 Filium
654 3165 664 3179 ·.
674 3154 770 3188 quem
788 3142 840 3175 illa
848 3141 967 3184 vbique
978 3143 1036 3174 εὸ-

213 3193 356 3231 mendat,
367 3207 435 3229 non
444 3194 601 3239 recipiunt
610 3206 618 3226 ε
628 3195 659 3226 &
671 3189 787 3225 merito
797 3189 859 3224 hoc
877 3188 942 3222 illis
950 3187 1036 3223 obii-

214 3239 268 3272 cir.
288 3252 390 3286 neque
399 3243 485 3277 enim
502 3240 612 3276 frustra
622 3252 675 3286 per
686 3235 799 3273 Mosen
819 3242 848 3272 &
863 3236 1037 3282 Prophetas

214 3288 368 3332 loquutus
377 3279 533 3331 est'Deus.
553 3289 652 3336 Atqui
663 3299 729 3320 non
739 3286 823 3321 aliud
835 3285 945 3320 habuit
956 3297 1036 3319 con-

217 3336 275 3379 srlzj
293 3334 402 3370 Moses
420 3338 477 3372 nifi
486 3333 519 3372 »ἐς
528 3338 565 3372 ad
580 3335 742 3372 Christum
754 3335 837 3369 retia
855 3346 967 3368 omnes
979 3345 1037 3365 vo-

218 3395 312 3419 caret.
333 3385 417 3419 vnde
434 3387 556 3421 constat
568 3398 634 3419 non
657 3380 716 3417 effe
726 3386 794 3417 eius
803 3381 973 3426 discipulos
982 3378 1038 3426 qui

219 3432 385 3467 Christum
395 3434 570 3476 repudiant.
596 3431 727 3468 Deinde
739 3431 906 3477 quomodo
923 3427 1038 3462 sermo-

220 3500 296 3522 nem
307 3485 377 3518 vitae
392 3481 522 3516 habebit
531 3482 563 3514 in
573 3481 603 3516 se
613 3489 793 3515 manentem
804 3479 858 3525 qui
870 3478 933 3511 viti
943 3476 1040 3523 ipsam

218 3534 358 3584 repellit?
370 3529 540 3581 quomodo
555 3528 678 3568 tenebit
687 3526 783 3575 Legis
796 3526 942 3565 doftrina

943 3598 975 3620 m
987 3581 1041 3631 qui

1071 1456 1170 1501 Legis
1181 1457 1318 1489 animam
1332 1467 1486 1504 quantum
1498 1458 1530 1490 in
1541 1454 1570 1490 se
1583 1454 1626 1490 est
1637 1455 1805 1503 extinguit:
1833 1469 1908 1491 nam

1072 1506 1140 1536 Lex
1150 1502 1215 1536 sine
1226 1504 1358 1539 Christo
1371 1506 1474 1539 inanis
1485 1504 1540 1542 cst,
1551 1517 1609 1538 nec
1629 1505 1800 1551 quicquam
1810 1505 1908 1539 habet

1072 1549 1266 1598 solidi.Qo
1279 1552 1375 1599 igitur
1386 1553 1517 1599 propius
1538 1552 1670 1599 quisque
1689 1552 1784 1586 nouit
1805 1553 1906 1588 Chri-

1071 1596 1356 1641 stum2tantundem
1367 1599 1546 1647 profecitin
1556 1602 1620 1634 Dei
1631 1598 1789 1643 sermone,

1105 1656 1142 1690 39
1179 1652 1362 1683 Scrutamini
1370 1654 1551 1697 Scripturas.
1563 1654 1572 1686 )
1583 1649 1684 1692 Quod
1693 1649 1778 1695 prius
1788 1649 1908 1684 dixerat

1073 1694 1220 1729 Christus
1229 1694 1260 1729 se
1271 1699 1395 1732 Patrem
1406 1697 1524 1730 habere
1535 1696 1645 1730 testem
1657 1698 1687 1730 in
1700 1698 1910 1735 cae10‚adMo-

1072 1739 1124 1776 sen
1136 1747 1168 1777 &
1186 1744 1361 1790 Prophetas
1379 1743 1489 1780 referri
1500 1746 1647 1780 diximus.
1674 1758 1757 1779 nunc
1768 1745 1909 1793 sequitur

1072 1790 1188 1826 clarior
1205 1794 1374 1839 explicatio
1395 1808 1403 1827 :
1429 1793 1652 1828 testimonium
1672 1793 1759 1827 enim
1779 1795 1857 1829 illud
1877 1795 1911 1829 in

1073 1839 1243 1885 Scripturis
1254 1852 1357 1875 extare
1368 1842 1456 1876 dicit.
1476 1844 1596 1875 Iterum
1607 1842 1686 1876 vero
1705 1841 1831 1877 stultam
1851 1856 1909 1877 eo-

1071 1899 1144 1921 rum
1164 1888 1344 1923 iactantiam
1364 1889 1666 1935 perstringiuquod
1687 1891 1784 1924 vitam
1805 1891 1834 1924 se
1852 1891 1909 1924 ha-

1073 1933 1151 1969 bere
1172 1936 1204 1968 in
1222 1938 1394 1983 Scripturis
1423 1936 1676 1982 profitebantur,
1697 1949 1795 1980 quum
1815 1950 1908 1970 mor-

1072 1994 1159 2016 tuam
1178 1984 1300 2018 tantum
1326 1985 1450 2018 literam
1474 1983 1660 2027 arriperent.
1684 1986 1802 2028 Neque
1820 1984 1908 2017 enim

1075 2030 1258 2075 fimphciter
1275 2032 1484 2078 reprehendit
1509 2031 1595 2076 quod
1614 2032 1678 2064 vita
1698 2042 1850 2075 quaeratur
1873 2032 1908 2065 in

1076 2079 1407 2125 Scripturis(quando
1426 2077 1523 2112 nobis
1534 2090 1563 2109 lu
1575 2090 1649 2110 eum
1659 2077 1756 2110 finem
1777 2082 1809 2112 δέ
1820 2079 1907 2112 vsurn

1075 2125 1234 2159 destinatae
1244 2126 1333 2165 sunt)
1345 2125 1395 2159 sed
1406 2127 1493 2173 quod
1502 2126 1597 2159 ludaei
1608 2124 1767 2159 viuificam
1781 2125 1837 2159 fibi
1850 2126 1910 2161 effi:

1077 2174 1259 2219 Scripturau
1290 2186 1456 2220 putarent,
1482 2185 1580 2219 quum
1591 2172 1793 2207 aliemess'ent
1813 2176 1828 2208 {i
1853 2187 1911 2221 ge-

1078 2221 1180 2255 nuino
1192 2222 1258 2256 eius
1267 2220 1437 2262 sensuum&
1447 2234 1544 2267 quum
1558 2222 1659 2255 lucen·
1672 2223 1742 2256 vitae
1763 2234 1829 2267 quae
1847 2225 1912 2256 illic

1079 2270 1264 2305 continetur
1289 2268 1490 2304 suffocarent.
1529 2270 1712 2312 Qiomoc'o
1742 2271 1829 2304 enim
1849 2270 1913 2304 line

1078 2318 1208 2352 Christo
1219 2318 1315 2353 vitam
1327 2320 1392 2351 Lex
1405 2315 1618 2363 conferet‚qui
1630 2317 1713 2351 sulus
1725 2330 1791 2351 eam
1804 2319 1912 2352 vituli-

1079 2365 1305 2400 cat?Caeteri11n
1316 2366 1470 2400 docemur
1479 2366 1640 2403 hocloco,
1651 2380 1686 2399 ex
1697 2368 1862 2411 Scripturis
1873 2379 1912 2412 pe

1079 2415 1207 2460 tendam
1219 2415 1277 2447 effe
1287 2414 1408 2448 Christi
1424 2416 1585 2447 notitiam.
1603 2427 1675 2448 nam
1693 2417 1746 2460 qui¹
1760 2417 1798 2448 de
1815 2415 1912 2449 Chri-

1079 2460 1190 2505 stoiiri,
1225 2462 1450 2509 iqanturquod
1467 2461 1654 2508 ipsislibuit,
1681 2464 1808 2496 tandem
1826 2475 1912 2496 non-

1079 2509 1137 2544 nisi
1163 2474 1336 2566 νξῖξῌξῃεῦε
1364 2512 1520 2557 spcstrum
1547 2512 1613 2543 eius
1642 2511 1716 2543 ioco
1736 2510 1909 2544 habebunt.

1079 2555 1297 2607 Priiiibigirfir
1318 2559 1492 2594 tenendum
1513 2558 1556 2591 est
1585 2558 1788 2591 nonaliunde
1815 2558 1909 2602 quum

1079 2620 1116 2641 ex
1125 2605 1293 2654 Scripturis
1311 2606 1475 2641 Christum
1495 2606 1556 2640 rite
1573 2605 1735 2653 cognosci.
1769 2606 1868 2652 Qod
1887 2604 1910 2641 fi

1079 2655 1123 2689 ita
1137 2655 1200 2693 est,
1210 2651 1349 2700 sequitur
1360 2677 1370 2693 ‚
1383 2655 1445 2688 hoc
1456 2654 1565 2687 auimo
1580 2653 1728 2700 legendas
1747 2652 1806 2686 effe
1824 2654 1910 2687 Scri-

1080 2715 1185 2749 pturas
1193 2703 1298 2736 vtillic
1309 2702 1510 2736 inueniamus
1525 2702 1699 2735 Christum.
1712 2700 1861 2747 Quisquis
1869 2701 1908 2734 ab

1079 2752 1144 2786 hoc
1155 2750 1250 2796 scopo
1261 2750 1426 2788 deficeret,
1444 2761 1606 2795 vtcunque
1625 2746 1774 2782 discendo
1787 2747 1819 2782 se
1831 2747 1906 2782 fati-

1077 2802 1135 2847 get
1149 2810 1216 2832 tota
1236 2800 1298 2831 vita
1316 2820 1325 2835 ,
1353 2809 1516 2843 nunquam
1534 2797 1572 2830 ad
1591 2795 1751 2830 scientiam
1770 2796 1912 2830 veritatis

1081 2847 1254 2895 perueniet.
1267 2846 1355 2890 Qxd
1367 2845 1454 2878 enim
1466 2843 1571 2888 sapere
1579 2841 1694 2889 absque
1705 2843 1770 2877 Dei
1787 2843 1910 2890 sapien-

1081 2897 1123 2931 tia
1143 2893 1301 2940 possumus
1325 2896 1338 2926 ?
1366 2896 1468 2925 Porro
1479 2891 1750 2936 quemadmodum
1762 2891 1911 2927 iubemur

1081 2942 1245 2980 Christum
1254 2943 1285 2974 iu
1296 2939 1465 2986 Scripturis
1475 2939 1670 2984 quaerere‚ita
1681 2939 1828 2974 hocloco
1841 2952 1915 2986 pro-

1083 2991 1204 3026 nuntiat
1214 3002 1279 3024 non
1290 2989 1415 3022 irritum
1425 2985 1494 3020 fore
1503 2985 1644 3020 nostrum
1657 2987 1806 3022 studium.
1830 2988 1869 3023 fic
1880 3001 1914 3022 e-

1085 3042 1151 3074 nim
1163 3039 1226 3072 illic
1237 3037 1275 3070 de
1284 3037 1369 3070 Filio
1381 3033 1437 3069 suo
1448 3035 1574 3069 testatur
1584 3037 1674 3069 Pater
1689 3047 1721 3069 vt
1735 3049 1805 3070 eum
1816 3037 1913 3070 nobis

1085 3086 1216 3122 indubie
1225 3081 1400 3130 patefaciat.
1422 3082 1483 3118 Sed
1497 3081 1560 3116 hoc
1572 3082 1691 3116 bonam
1711 3095 1831 3129 partem
1852 3086 1914 3118 im-

1086 3136 1173 3182 pedit
1202 3155 1212 3170 ,
1244 3131 1332 3178 quod
1351 3131 1525 3178 negle&im
1545 3135 1575 3166 δέ
1588 3130 1671 3178 quafi
1687 3132 1718 3165 in
1740 3132 1911 3167 transcursu

1076 3182 1206 3217 'tantum
1219 3178 1415 3225 superficiem
1428 3176 1608 3224 inspiciunt.
1627 3181 1727 3226 Atqui
1738 3180 1855 3215 summa
1867 3191 1914 3213 at-

1087 3231 1231 3266 tentione
1242 3240 1323 3273 opus
1349 3239 1425 3262 erar.
1450 3227 1527 3261 ideo
1557 3228 1916 3274 penitusabsconditum

1087 3279 1169 3312 hunc
1179 3274 1359 3310 thesaurum
1371 3275 1498 3310 scrutari
1512 3275 1658 3309 Christus
1683 3276 1779 3309 iubet.
1805 3279 1916 3316 Quare

1088 3325 1173 3373 quod
1186 3324 1301 3362 ludaei,
1314 3323 1493 3371 quiaffidue
1512 3326 1631 3369 Legem
1646 3324 1677 3355 in
1696 3322 1841 3357 omnibus
1861 3324 1918 3358 ha-

1089 3371 1228 3410 bent‚sic
1251 3371 1452 3405 abhorrenta
1476 3371 1620 3408 christo,
1640 3383 1750 3403 eorum
1771 3370 1920 3406 socordiae

1090 3420 1310 3466 imputandum
1323 3419 1377 3454 cst.
1400 3420 1602 3464 Conspicuus
1622 3420 1706 3452 enim
1728 3419 1836 3463 gloriae
1854 3422 1920 3454 Dei

1090 3468 1236 3515 splendor
1247 3465 1425 3515 refulgetin
1447 3465 1614 3502 Mosczsed
1627 3465 1680 3509 ipsi
1704 3467 1809 3501 velum
1826 3481 1921 3515 appe-

1056 3538 1067 3542 ·
1093 3529 1165 3554 tunt
1191 3516 1280 3565 quod
1297 3515 1500 3564 splendorem
1517 3513 1828 3563 obscurer.scr1pmra
1847 3518 1923 3552 vero
