2310 3841
345 151 448 213 '153
947 159 1020 199 IN
1078 148 1284 199 ACTA
1351 156 1605 199 APOST.

386 227 530 260 diffluere.
550 227 615 259 Nec
623 224 694 259 verb
702 223 793 258 hodie
803 224 858 258 alia
867 223 996 268 suppetit
1003 225 1125 269 Papistis
1133 225 1275 262 defensio,
1283 224 1370 268 quirin
1379 236 1436 269 qua
1448 225 1520 257 olim
1532 224 1667 258 Gentiles
1677 225 1708 258 &
1717 224 1804 258 Iudaei
1815 224 1880 258 suos
1890 237 2002 262 errores
2009 239 2116 262 vtcun-

388 282 447 314 que
457 271 555 304 fucare
565 273 725 314 veltegere
733 274 832 303 conati
842 271 913 302 sunt.
939 271 1282 312 lnsumma,superstitio
1293 274 1389 302 Deum
1400 282 1429 301 rii
1448 272 1567 311 templis
1583 281 1669 302 manu
1687 271 1770 302 factis
1787 271 1918 304 habitare
1936 274 2039 316 fingit,
2051 287 2114 308 non

389 317 471 359 qubd
483 327 620 359 tanquam
630 318 659 347 iri
669 316 817 358 ergastulis
826 315 976 358 captiuum
985 325 1088 348 tenere
1099 316 1169 347 velit
1181 314 1245 346 :sed
1255 317 1321 356 quia
1332 318 1429 346 Deum
1448 315 1592 346 carnalem
1613 314 1759 347 somnians
1769 336 1778 351 ,
1799 327 1909 348 numeri
1925 317 2014 350 idolis
2031 321 2114 352 affin-

388 364 479 404 git,&
488 363 545 392 Dei
556 362 682 402 gloriam
694 361 728 392 ad
740 371 872 392 externas
881 359 989 402 species
999 359 1132 391 tansfert.
1147 362 1226 391 Veri]
1237 360 1252 389 si
1265 362 1345 390 Deus
1356 361 1385 390 in
1397 360 1519 400 templrs
1531 369 1616 389 manu
1626 358 1707 391 factis
1717 371 1777 391 non
1789 361 2053 402 habitatquorsum
2065 375 2114 398 tot

240 404 341 430 ²⁴R‘·¹⁹·
388 407 541 448 Scripturae
551 406 625 436 locis
634 405 752 436 testatus
761 405 800 436 est
810 408 892 437 Deus
901 404 928 436 se
938 406 1014 436 inter
1027 404 1193 435 Cherubim
1205 405 1316 438 sedere,
1326 407 1355 435 δι
1368 404 1481 444 templs:
1491 402 1542 434 fibi
1553 401 1610 434 esse
1620 414 1755 436 aeternam
1767 406 1912 448 quietem?
1924 407 2111 448 Responderi,

236 443 290 492 Ἓξ,
301 470 338 494 80.
389 449 469 482 sicuti
478 452 547 481 loco
557 450 653 481 affixus
664 461 724 481 non
734 460 793 481 erat
804 470 814 485 ,
824 451 861 481 ita
872 449 944 480 nihil
954 448 995 479 illi
1005 446 1088 480 fuisse
1097 449 1193 479 mffius
1203 447 1384 489 propositum
1395 470 1404 484 ,
1415 450 1503 490 quarn
1515 449 1656 490 populum
1669 448 1748 480 suurn
1761 452 1885 481 terrenis
1895 450 2036 492 symbolis
2052 454 2113 486 affi-

245 486 299 525 aa..
389 505 469 537 gere.
493 495 563 536 quin
574 495 674 534 potius
681 495 715 526 ad
725 505 777 526 eos
786 492 945 528 descendit,
954 503 985 526 vt
994 492 1098 524 sursum
1110 491 1182 524 adse
1193 494 1352 524 attolleret.
1374 493 1446 523 Ideo
1456 503 1609 534 perperam
1620 495 1733 534 templo
1745 496 1776 524 δε
1787 505 1851 524 arca
1863 495 1940 525 abusi
1952 495 2026 530 sunt,
2036 507 2113 539 quos

242 535 340 564 Ps³¹·¹³²-
390 549 488 570 earum
500 549 596 570 retum
609 540 733 570 intuitus
744 539 781 570 sic
790 538 948 579 occupauit
958 535 1198 573 ‚vtsubsisterent
1209 538 1237 566 in
1248 547 1324 569 tetra
1333 559 1341 572 ,
1352 539 1383 568 δε
1394 537 1410 568 ὲ
1419 536 1557 577 spirituali
1567 539 1623 568 Dei
1633 538 1714 569 cultu
1725 537 1918 571 discederent.
1941 542 2019 571 Hinc
2030 540 2111 573 vid'e-

241 567 303 596 d'¹⁴‘
390 584 587 625 muslongum
600 581 680 615 fuiffe
690 582 843 614 discrimen
852 583 926 613 inter
935 581 1191 624 presentiaediuine
1202 581 1331 622 symbola
1343 592 1404 623 quae
1413 580 1465 612 sibi
1477 582 1612 612 homines
1623 582 1736 614 temere
1744 581 1889 615 finxerunt
1901 605 1910 618 ,
1922 585 1953 615 &
1964 595 2025 626 quae
2045 586 2111 618 fue-

387 637 456 659 runt
466 628 609 659 diuinitus
617 629 828 668 ordinatazquia
839 625 1093 668 deorsumsetnpet
1103 625 1245 660 inclinant
1255 626 1403 661 homines,
1414 637 1445 657 Vt
1453 628 1551 657 Deum
1559 626 1780 668 apprehendant
1789 628 1894 659 carnali
1906 629 2013 660 modo:
2028 633 2113 664 Deus

386 683 486 704 autem
496 672 579 703 verbi
590 672 628 702 sui
638 671 725 703 <lustu
737 671 841 703 sursum
852 682 904 702 eos
913 671 1030 702 attollit.
1039 669 1153 702 tannim
1164 671 1339 702 intermedia
1353 670 1482 712 symbola
1491 671 1614 703 adhibet
1623 693 1632 707 ,
1642 673 1751 713 quibus
1760 671 1939 704 familiariter
1958 676 2044 707 tardis
2056 675 2112 708 ho-

386 717 517 749 minibus
524 716 550 746 se
560 714 794 752 insinuat,donec
804 716 949 759 gradatim
959 716 1085 747 incaelos
1094 714 1301 747 conscendant.

417 772 446 796 25
489 763 543 791 Ne
562 771 581 791 c
610 772 629 790 M
644 773 658 791 it
677 773 692 791 ir
710 772 722 791 r
738 773 752 791 a
768 772 784 790 v
801 772 814 790 s
843 773 862 792 n
873 772 891 792 v
903 772 922 791 M
937 773 952 790 Α
969 772 986 791 u
1003 772 1013 791 i
1027 772 1039 789 s
1054 762 1085 800 .)
1109 761 1219 792 Eadem
1230 771 1291 802 quae
1301 770 1394 798 nuper
1403 759 1440 790 de
1451 759 1565 801 templo
1575 758 1664 790 soluta
1675 759 1716 790 est
1732 760 1850 801 quaestio
1861 771 1958 796 ,nunc
1973 763 2012 797 de
2028 775 2110 796 cere.

383 805 492 837 moniis
501 799 592 835 ob'iici
604 806 706 846 potest.
732 805 848 836 videtur
859 806 937 836 enim
949 806 1030 847 quod
1042 805 1146 835 Paulus
1158 805 1275 836 damnat
1287 806 1316 834 in
1329 805 1471 835 Gentium
1484 805 1589 835 riribus
1599 824 1607 838 ‚
1620 805 1655 834 ad
1673 804 1771 835 cultus
1787 807 1873 848 Legis
1890 806 2018 840 Mosaicae
2028 808 2108 848 poffe

382 847 541 881 transferri.
564 850 622 880 Sed
631 861 689 881 tion
699 850 824 881 difficilis
844 850 883 880 est
892 849 996 880 solutio
1008 871 1016 884 ‚
1027 849 1106 891 qubd
1117 850 1172 880 Dei
1183 849 1293 880 cultum
1305 849 1405 881 fideles
1416 859 1564 890 nunquam
1576 850 1604 879 in
1623 850 1802 880 ceremoniis
1818 851 1935 890 proprie
1950 852 2111 884 constitue.

380 893 512 926 rint:sed
522 893 635 925 tantdm
644 894 819 926 adminicula
830 893 886 926 esse
897 894 1166 936 duxerint,·qiiibus
1176 894 1285 935 prosua
1304 894 1473 925 infirmitate
1491 893 1517 924 se
1534 903 1715 925 exercerent.
1738 894 1840 934 Quin
1857 896 1924 926 Deo
1942 897 2107 930 mactarent

381 938 528 980 pecudes,
539 936 677 970 offerrent
687 951 793 981 panem
804 940 986 971 &libamina
996 939 1165 975 ,luminaria
1177 939 1372 970 accenderent
1383 957 1392 971 ‚
1403 949 1543 979 pretarem
1558 941 1585 969 in
1599 939 1644 969 his
1654 939 1742 969 rebus
1752 939 1895 970 sceuerunt
1907 950 1966 971 non
1979 940 2034 972 effe
2050 954 2108 984 po.

383 981 465 1014 fitam
477 982 660 1015 :sedialibus
669 985 843 1016 rudimentis
854 984 962 1019 adiuti,
972 984 1006 1013 ad
1017 983 1194 1022 spiritualem
1205 985 1263 1016 Dei
1273 984 1384 1014 cultum
1395 982 1506 1024 semper
1516 984 1615 1014 intuiti
1627 982 1690 1014 sunt
1700 1006 1708 1019 ‚
1720 983 1846 1015 &illum
1862 995 1952 1016 vnum
1963 985 2108 1020 habuerat

383 1028 414 1058 in
424 1028 535 1068 precio.
559 1030 594 1060 Et
606 1030 688 1060 Deus
698 1029 832 1069 pluribus
842 1029 914 1059 lotis
925 1028 1024 1069 aperte
1033 1027 1164 1059 clamitat
1175 1049 1184 1064 ‚
1195 1029 1266 1059 nihil
1281 1038 1434 1059 externum
1443 1038 1492 1059 aut
1505 1027 1618 1058 visibile
1635 1027 1662 1072 se
1675 1029 1799 1063 morari,
1810 1031 1995 1061 ceremonias
2013 1043 2063 1072 per
2079 1033 2107 1065 se

385 1072 495 1104 nullius
506 1075 651 1104 momenti
663 1073 812 1103 habendas
823 1095 830 1108 ,
841 1083 895 1103 nec
905 1071 931 1103 se
942 1073 1022 1103 aliter
1035 1072 1120 1113 quam
1134 1071 1204 1108 fide,
1213 1084 1281 1114 pura
1293 1072 1482 1107 conscientia,
1492 1073 1629 1113 precibus
1640 1074 1672 1103 &
1683 1072 1864 1114 gratitudine
1873 1073 2027 1113 coli.Qid
2038 1088 2106 1117 pot-

384 1115 419 1149 τὸ
431 1118 590 1149 Gentiles?
611 1127 718 1158 nempe
729 1116 793 1147 crim
805 1117 951 1157 erigerent
962 1118 1066 1148 statuis
1076 1138 1084 1151 ,
1095 1117 1162 1148 thus
1170 1116 1322 1148 adolerent
1334 1140 1343 1154 ,
1353 1116 1439 1148 ludos
1450 1116 1584 1151 ederent,
1593 1127 1626 1146 ac
1638 1117 1800 1148 sternerent
1811 1117 1972 1157 puluinaria
1983 1119 2028 1152 sua
2038 1122 2105 1153 ido-

383 1163 420 1193 lis
430 1184 439 1198 ,
452 1162 477 1194 se
486 1161 596 1202 optime
607 1162 723 1201 pietatis
734 1161 837 1192 officiis
848 1160 1003 1192 defunctos
1013 1172 1159 1203 putarunt.
1182 1161 1364 1193 Subsannant
1377 1161 1496 1203 quidem
1509 1172 1567 1192 non
1580 1160 1671 1190 modb
1691 1160 1836 1192 interdum
1851 1161 2022 1204 Philosophi
2036 1187 2044 1199 ‚
2056 1165 2104 1199 sed

383 1211 471 1240 etiam
481 1216 574 1246 poetae
584 1205 663 1247 vulgi
676 1206 895 1248 ineptias,qubd
905 1216 1055 1248 perperam
1069 1207 1098 1237 in
1110 1211 1342 1239 ceremoniarum
1355 1217 1463 1248 pompa
1476 1205 1671 1248 &splendore
1683 1207 1740 1237 Dei
1751 1204 1863 1237 cultum
1881 1206 1992 1241 statuat.
2002 1212 2040 1242 Vt
2059 1213 2104 1242 in-

382 1261 501 1283 numera
514 1250 679 1280 testimonia
689 1251 837 1284 omittam,
851 1261 955 1282 notum
968 1250 1008 1282 est
1018 1251 1091 1282 illud
1099 1250 1198 1293 Persijz

471 1298 554 1325 Dicite
562 1296 695 1333 Pontifices
703 1298 799 1334 insirrro
808 1296 936 1336 quidfhtit
945 1300 1046 1327 aarum?

467 1344 562 1378 Nempe
570 1342 616 1370 hoc
624 1344 689 1379 quod
696 1342 788 1370 Veneri
795 1346 894 1370 donntae
901 1342 917 1371 ὰ
926 1344 1029 1380 virgine
1036 1350 1126 1381 puppe.

467 1388 542 1428 Qin
551 1387 641 1416 damus
649 1387 677 1415 id
677 1387 767 1425 fiiperrs
773 1387 803 1415 de
810 1395 900 1424 magna
907 1387 974 1425 quod
981 1387 1043 1416 dare
1053 1388 1124 1416 lance

466 1435 526 1459 Non
533 1430 692 1469 pofficmagni
703 1429 809 1470 Meffiilae
818 1434 1000 1469 lippapropago‚

467 1475 625 1512 compnfitum
634 1472 765 1512 iussisque
773 1476 1001 1515 animifitnflrifqrre
1007 1474 1104 1515 rereffiis

468 1521 620 1551 arentin&-
630 1521 749 1549 inrot‘tnm
755 1521 865 1557 generasti
870 1523 952 1558 pec'ius
960 1520 1069 1557 honesto?

466 1567 520 1592 Hoc
529 1566 588 1593 reda
597 1571 630 1592 v:
639 1565 786 1593 admoueam
795 1566 887 1602 templis
901 1562 1006 1600 &farre
1016 1564 1105 1592 litabo.

379 1607 446 1636 Nec
454 1604 578 1637 dubium
590 1606 646 1641 est,
656 1609 726 1647 quin
738 1608 821 1636 Deus
830 1606 901 1636 tales
911 1616 1003 1636 voces
1014 1604 1142 1645 profanis
1150 1604 1323 1636 bominibus
1333 1602 1578 1645 expresserit‚quae
1588 1603 1760 1644 ignorantiae
1769 1613 1937 1645 praetextum
1949 1606 2098 1639 tollerent.

380 1650 438 1680 Sed
446 1648 531 1680 facile
541 1660 659 1690 apparet
669 1659 720 1680 eos
730 1651 780 1690 qui
789 1649 826 1680 sic
837 1649 1034 1690 loquebantur
1044 1670 1054 1684 ‚
1068 1649 1103 1679 ad
1115 1659 1304 1679 communem
1314 1648 1449 1681 insaniam
1460 1648 1552 1679 statim
1566 1647 1690 1690 relapsos
1699 1648 1765 1680 esse:
1776 1649 1837 1680 imi)
1849 1660 1998 1692 nunquam
2009 1663 2100 1694 pene·

378 1691 463 1723 traffe
473 1694 503 1722 in
515 1704 616 1723 eorum
627 1693 741 1723 animos
751 1693 821 1734 quid
832 1694 889 1723 hoc
898 1691 950 1724 fibi
962 1693 1060 1724 vellet.
1082 1696 1157 1723 Nam
1169 1692 1219 1723 etsi
1231 1692 1315 1724 fateri
1325 1704 1471 1734 coguntur
1488 1691 1537 1731 qui
1555 1692 1728 1732 perspicacia
1746 1691 1827 1733 supra
1847 1695 1953 1735 vulgus
1971 1697 2097 1737 pollent,

378 1737 470 1767 nudas
481 1737 663 1768 ceremonias
677 1737 759 1767 nullo
768 1735 823 1767 effe
835 1738 862 1766 in
875 1737 990 1777 precio:
1003 1737 1061 1767 haec
1071 1747 1170 1767 tamen
1181 1736 1237 1766 illis
1248 1737 1353 1768 fiducia
1364 1747 1512 1776 nunquam
1524 1736 1670 1766 excutitur
1685 1758 1692 1770 ‚
1702 1740 1773 1777 quin
1784 1736 1837 1767 sibi
1856 1738 2045 1778 persuadeant
2064 1740 2098 1770 il·
2139 1748 2141 1751 ·

375 1779 418 1810 las
427 1791 540 1820 partem
549 1779 605 1812 esse
615 1781 706 1812 diuini
717 1780 823 1812 cultus.
846 1780 974 1810 Proinde
985 1780 1066 1821 quod
1077 1781 1249 1821 diligentius
1257 1781 1366 1810 talibus
1376 1781 1495 1810 ludicris
1509 1780 1686 1810 incumbunt
1697 1781 1740 1815 ,se
1752 1780 1869 1821 pietatis
1878 1781 1982 1813 officis
2003 1783 2100 1824 probe

376 1823 498 1866 defungi
509 1835 568 1854 nori
578 1825 724 1854 dubitant.
758 1823 852 1858 Qubd
863 1834 934 1865 ergo
943 1825 1132 1855 ceremoniis,
1145 1821 1262 1866 aliisque
1271 1826 1400 1855 externis
1410 1824 1500 1855 rebus
1508 1824 1606 1853 Deum
1620 1824 1724 1866 placari
1735 1825 1899 1856 existimant
1908 1827 2005 1859 curristi
2019 1839 2100 1860 mor-

376 1868 451 1899 tales
461 1868 475 1898 ὲ
485 1867 598 1898 summo
608 1868 644 1898 ad
654 1867 787 1899 infimum
798 1889 806 1903 ‚
823 1864 1003 1908 propriisque
1011 1868 1152 1909 operibus
1162 1878 1230 1910 erga
1240 1880 1308 1899 eum
1318 1866 1438 1911 defungi
1451 1867 1557 1899 volunt
1569 1889 1576 1902 ,
1589 1868 1618 1899 id
1635 1867 1743 1901 refutat
1763 1870 1879 1900 Paulus.
1904 1872 1991 1901 Ratio
2008 1873 2098 1904 etiam

377 1912 493 1944 additur
505 1933 514 1947 ,
525 1911 605 1953 qubd
616 1911 682 1943 cum
695 1911 725 1944 sit
736 1912 794 1942 caeli
806 1915 836 1943 ὅ(
847 1922 926 1943 terrae
933 1913 1085 1944 Dominus
1095 1935 1104 1948 ,
1116 1913 1193 1944 nulla
1204 1924 1234 1944 re
1245 1913 1377 1956 indiget:
1391 1912 1472 1947 eubd
1484 1910 1550 1943 cum
1563 1910 1652 1944 vitam
1665 1916 1695 1946 ὅτ
1705 1913 1827 1945 halitum
1845 1915 1982 1958 largiatur
1999 1916 2099 1947 homi-

377 1957 467 1988 nibus
477 1979 486 1993 ‚
497 1957 568 1987 nihil
579 1957 701 1998 vicissim
711 1957 839 1997 recipere
849 1958 885 1988 ab
895 1956 960 1994 ipsis
971 1957 1066 1998 possit.
1089 1958 1161 1999 quid
1173 1958 1252 1988 enim
1262 1958 1358 1989 deluo
1368 1956 1488 1989 afferant
1500 1978 1509 1992 ,
1523 1957 1572 1998 qui
1590 1958 1739 1989 bonorum
1756 1958 1890 1990 omnium
1911 1960 2004 2004 indigi
2022 1961 2099 1994 nihil

377 2001 491 2032 habent
501 2000 552 2031 nisi
564 2011 596 2032 ex
605 2002 730 2043 gratuita
745 2003 806 2040 eius
816 2001 1089 2032 beneficentior-nb
1098 2003 1146 2043 qui
1157 2002 1231 2034 nihil
1240 2001 1303 2034 sunt
1313 2025 1321 2038 ‚
1333 2002 1383 2033 nisi
1396 2013 1431 2034 ex
1440 2013 1519 2033 mera
1529 2002 1592 2032 eius
1600 2003 1700 2044 gratia:
1712 2013 1780 2034 mox
1789 2005 1819 2034 in
1829 2003 1952 2035 nihilum
1961 2005 2099 2048 redigen-

378 2046 426 2081 di,
437 2045 454 2076 si
466 2045 596 2087 spiritum
606 2057 666 2088 quo
678 2047 780 2077 viuunt
789 2046 938 2077 subducat.
966 2047 1043 2077 vnde
1056 2046 1182 2088 sequitur
1192 2059 1251 2078 non
1264 2047 1357 2078 modb
1366 2046 1504 2079 socordes
1513 2067 1522 2081 ‚
1530 2045 1578 2076 sed
1589 2048 1675 2077 nimis
1685 2045 1828 2088 superbos
1837 2045 1893 2078 effe
1903 2071 1912 2084 ‚
1921 2048 1975 2081 fise
1984 2061 2052 2082 cum
2063 2062 2094 2082 ο-

376 2091 498 2131 peribus
508 2100 648 2121 manuum
659 2089 770 2121 suarum
784 2092 818 2122 ad
829 2093 926 2122 Deum
938 2091 1095 2122 colendum
1106 2093 1254 2133 ingerunt.
1279 2103 1345 2122 nam
1357 2091 1439 2134 qubd
1450 2089 1648 2133 eleemosynas
1659 2093 1690 2123 &
1701 2092 1852 2123 charitatis
1861 2093 1957 2124 officia
1966 2104 2098 2135 pronun-

377 2135 428 2165 tiat
439 2134 576 2166 sacrificia
588 2132 643 2165 effe
653 2135 726 2165 boni
736 2135 840 2166 odoris
851 2158 859 2170 ,
869 2133 1022 2176 apraesenti
1034 2135 1114 2167 causa
1125 2136 1247 2168 discerni
1258 2137 1366 2173 debet,
1379 2136 1429 2167 vbi
1440 2133 1552 2167 tantum
1564 2137 1601 2166 de
1611 2136 1787 2166 ceremoniis
1795 2136 1891 2179 agitur
1901 2155 1910 2168 ,
1922 2139 2095 2178 quasincre-

377 2179 437 2209 duli
449 2182 516 2210 Deo
528 2179 681 2221 spititualis
691 2179 787 2210 cultus
795 2182 860 2211 vice
869 2179 1108 2211 obtendunt.Per
1119 2183 1206 2212 vitam
1219 2184 1250 2213 &
1260 2180 1358 2212 flatum
1369 2190 1486 2212 notatur
1497 2181 1554 2211 vita
1566 2179 1719 2220 spiritualis
1726 2180 1772 2211 vel
1782 2180 1958 2216 animalis‚vt
1969 2183 2096 2223 loquun-

374 2231 432 2253 tur.
455 2227 487 2253 ln
499 2223 622 2255 clausula
638 2224 784 2254 sententiae
793 2223 904 2255 tametsi
914 2224 1006 2255 hodie
1016 2225 1134 2267 quidam
1145 2228 1238 2257 Graeci
1247 2226 1368 2258 codices
1385 2225 1413 2255 in
1435 2225 1509 2255 hanc
1525 2224 1686 2255 lestioriem
1704 2224 1891 2255 consentium
1903 2225 1987 2262 ,igr-tii
2005 2227 2097 2258 mr‘im

373 2266 433 2298 hoc
442 2268 481 2298 est
491 2289 501 2303 ,
511 2279 562 2308 per
570 2270 679 2298 omnia.
703 2268 774 2299 mihi
785 2279 882 2299 tamen
894 2269 1011 2300 videtur
1024 2270 1129 2300 melius
1139 2271 1279 2312 quadrare
1289 2272 1368 2312 quod
1379 2269 1506 2300 reddidit
1516 2279 1601 2299 vetus
1610 2268 1789 2312 interpres-127
1799 2268 1837 2300 τὰ
1845 2266 1931 2301 πένητι
1941 2273 1972 2302 ὃς
1981 2274 2094 2309 omnia,

372 2313 441 2352 quia
451 2314 478 2343 δι
494 2312 598 2342 clarius
606 2311 690 2344 est,&
698 2311 861 2352 pleniorem
873 2313 1036 2344 doctrinam
1049 2315 1277 2356 continet.1nde
1288 2316 1367 2347 enim
1378 2314 1483 2346 melius
1492 2312 1639 2356 colligitur
1654 2313 1793 2347 homines
1810 2314 1884 2345 nihil
1900 2315 2009 2348 habere
2024 2327 2093 2359 pro-

369 2358 479 2396 prium.
491 2359 526 2388 Et
534 2352 722 2398 suffragantur
731 2357 818 2387 etiam
829 2359 922 2399 Greca
932 2357 1061 2399 quaedam
1071 2360 1256 2401 exemplaria.

394 2450 443 2483 26
486 2441 649 2497 Fect‘tque
660 2459 707 2483 ex
719 2459 793 2483 vno
801 2445 963 2500 firnguine
975 2458 1072 2483 omne
1080 2459 1188 2499 genus
1200 2446 1434 2492 heminam,vt
1443 2441 1653 2484 inhabitaret
1655 2444 1961 2501 supervniuetsbm
1965 2449 2093 2503 faciem

368 2497 883 2554 terrae,definiuitquepraestituta
893 2514 1053 2555 tempora,
1058 2501 1094 2545 ό·
1107 2505 1269 2540 terminos
1278 2500 1498 2540 habitationi
1508 2516 1635 2540 earum.

423 2568 474 2605 27
504 2564 552 2595 Vt
559 2567 744 2610 quaerent
755 2558 904 2612 Deumfi
901 2557 992 2611 forte
997 2557 1137 2612 palpent
1149 2573 1225 2596 eum
1236 2560 1271 2602 θ’*
1283 2560 1470 2597 inueniam
1479 2576 1488 2594 .·
1499 2573 1584 2611 qua).
1592 2558 1640 2595 uis
1650 2573 1720 2596 non.
1729 2559 1826 2614 long}
1835 2560 1917 2614 absit
1933 2560 1975 2599 ab
1995 2577 2091 2601 vno·-

367 2627 534 2666 quoque)
545 2611 705 2652 noft‘rtim.

411 2671 458 2708 28
486 2676 527 2706 In
537 2666 600 2722 ipfii
612 2672 702 2708 enim
712 2669 1101 2717 v'iuimusfflouemug&
1106 2668 1220 2722 firmus
1225 2670 1312 2724 :ficut
1321 2669 1360 2716 ὀμ
1370 2670 1511 2725 quidam
1522 2670 1709 2722 vestratum
1725 2682 1901 2726 poetarum
1909 2673 2086 2714 dixerunt.

365 2731 467 2773 Nam
478 2724 580 2764 huius
586 2728 762 2781 progenies
771 2726 998 2778 etiamfitmm.

408 2795 456 2825 29
486 2787 597 2819 Genus
610 2796 688 2838 ergo
701 2779 879 2835 ciimfimus
890 2787 1041 2829 Dei,non
1051 2781 1206 2822 dehemm
1219 2782 1406 2835 existimare
1418 2798 1513 2830 auro,
1524 2783 1588 2822 vel
1596 2795 1733 2838 argente
1743 2815 1754 2832 ‚
1767 2784 1829 2823 vel
1845 2783 1952 2839 lapidi
1957 2781 2087 2840 sculpto

367 2847 472 2878 arte)
484 2836 524 2883 ὀ
535 2840 773 2892 cogitatione.)
782 2837 928 2877 homimis
939 2854 1065 2878 numen
1073 2837 1325 2895 effofimilw.

415 2944 449 2966 26
481 2939 541 2968 Firc
550 2948 654 2973 1‘eri3
671 2947 710 2967 ex
732 2950 799 2970 vno
815 2950 827 2969 s
838 2951 852 2970 ii
861 2939 1022 2979 navim.)
1042 2942 1105 2970 Iam
1117 2936 1221 2970 Paulus
1229 2937 1364 2980 quorsum
1375 2938 1530 2972 conditum
1543 2938 1629 2971 fuerit
1640 2939 1802 2971 hiri-nanum
1813 2948 1907 2979 genus
1921 2939 2085 2971 Athenien-

372 2977 415 3012 ses
426 2980 565 3012 admonet
574 3001 583 3015 >
594 2992 626 3013 vr
636 2982 693 3012 hoc
704 2984 796 3015 modo
806 2985 912 3014 inuiret
921 2993 1009 3023 atque
1018 2978 1196 3015 horteturad
1205 2981 1445 3015 confiderandum
1456 2987 1523 3017 vitae
1533 2985 1582 3015 suae
1592 2984 1693 3015 finem.
1715 2982 1789 3016 Haec
1801 2982 1863 3014 sane
1872 2985 1963 3023 turpis
1973 2983 2013 3015 est
2029 2985 2085 3015 ho-

373 3024 488 3054 minum
500 3025 680 3066 ingratitudo
691 3048 700 3061 ‚
710 3038 799 3068 quum
813 3028 870 3059 vita
883 3029 1033 3058 communi
1045 3026 1177 3058 fruantur
1185 3036 1288 3058 omnes
1302 3044 1310 3058 ‚
1320 3038 1378 3058 non
1394 3039 1528 3068 reputare
1539 3028 1674 3070 quorsum
1685 3030 1767 3058 Deus
1778 3027 1837 3058 illis
1846 3027 1944 3058 viuere
1958 3027 2083 3061 dederit.

372 3069 462 3109 Atqui
474 3068 624 3100 belluinus
635 3071 682 3101 hic
692 3070 790 3111 stupor
800 3073 940 3103 maiorem
951 3082 1063 3112 partem
1075 3081 1216 3112 occupat,
1225 3080 1255 3102 vt
1265 3071 1386 3103 minime
1395 3084 1530 3113 reputent
1540 3085 1594 3106 ,cur
1610 3075 1639 3103 in
1651 3072 1763 3102 mundo
1771 3071 1860 3103 locati
1871 3070 1926 3102 fint
1935 3092 1943 3106 ‚
1953 3082 2008 3103 nec
2024 3074 2084 3104 illis

367 3111 402 3142 in
413 3122 542 3143 mentem
552 3114 651 3144 veniat
661 3115 718 3145 ca’li
730 3125 870 3158 terraeque
885 3114 1093 3158 opifex‚cuius
1105 3117 1184 3146 bona
1194 3115 1382 3158 ingurgitant.
1405 3120 1481 3158 Ergo
1491 3118 1598 3149 Paulus
1613 3117 1766 3159 postquam
1782 3113 1912 3146 disseruit
1927 3116 1963 3148 de
1983 3127 2082 3149 natura

369 3157 431 3186 Dei
441 3179 447 3190 ,
458 3156 532 3195 hanc
541 3157 775 3201 admonitionem
790 3159 1082 3201 opportuneinserit‚
1097 3160 1207 3191 debere
1216 3160 1351 3191 homines
1359 3160 1457 3191 sedulo
1467 3163 1503 3193 ad
1513 3162 1569 3192 Dei
1590 3162 1726 3192 notitiam
1743 3159 1895 3191 attendere
1905 3171 1912 3190 ε
1924 3163 1993 3202 quia
2008 3161 2080 3193 ideo

370 3200 485 3232 conditi
495 3201 558 3234 sunt
567 3220 575 3234 2
586 3203 618 3233 δε
627 3202 750 3244 adhunc
760 3204 849 3235 finem
862 3205 931 3236 nati.
954 3205 1087 3235 Breuiter
1097 3205 1175 3235 enim
1185 3205 1260 3235 hanc
1269 3203 1327 3234 illis
1335 3204 1454 3235 viuendi
1463 3205 1574 3237 causam
1592 3206 1711 3246 assignat
1724 3215 1754 3242 vt
1762 3205 1859 3233 Deum
1870 3209 2080 3245 mimam-Por-

371 3243 405 3273 rb
415 3246 483 3286 quia
491 3247 553 3281 rimi
562 3256 617 3276 vna
629 3246 656 3275 in
666 3248 776 3278 mundo
786 3249 892 3290 religio
901 3248 1034 3291 vigebat,
1043 3247 1089 3278 sed
1101 3248 1237 3280 distracta:
1246 3258 1324 3279 erant
1335 3249 1447 3278 Gentes
1459 3251 1488 3280 in
1500 3251 1592 3280 varias
1600 3248 1869 3284 sectaswarietatem
1879 3248 1958 3280 istam
1971 3261 2004 3280 ex
2013 3261 2078 3280 cor-

369 3290 482 3327 ruptela
490 3291 588 3328 natam
598 3288 654 3321 effe
661 3291 814 3323 admonet.
825 3296 892 3324 Huc
900 3294 979 3324 enim
990 3291 1096 3332 spectat
1107 3292 1296 3326 meoaiudicio
1303 3292 1384 3332 quod
1393 3292 1513 3327 dicit,ex
1523 3297 1582 3326 vno
1590 3293 1727 3336 sanguine
1738 3288 1821 3324 fuisse
1830 3303 1936 3324 omnes
1953 3303 2076 3325 creatos.

367 3331 521 3364 Debuerat
529 3334 853 3378 enintconsanguinitas
862 3339 894 3368 &
903 3336 1004 3367 eadem
1015 3337 1131 3377 generis
1140 3336 1226 3379 otigo
1234 3357 1244 3372 ,
1252 3335 1400 3368 vii-iculum
1415 3336 1469 3368 esse
1480 3339 1573 3369 mutui
1584 3339 1662 3368 inter
1672 3347 1723 3366 eos
1733 3334 1894 3368 consensus.
1911 3339 1990 3378 atqui
2000 3339 2078 3368 'reli-

368 3374 420 3415 gio
430 3375 470 3406 est
479 3387 539 3418 quae
547 3378 671 3411 maxime
679 3380 817 3410 conciliat
834 3380 970 3410 homines
977 3380 1174 3412 veldiffociat.
1196 3381 1274 3411 vnde
1282 3379 1407 3421 sequitur
1417 3380 1431 3410 ὲ
1442 3392 1541 3412 natura
1550 3377 1689 3417 diseiuiffe
1697 3400 1707 3414 ‚
1717 3381 1766 3422 qui
1777 3382 1814 3411 ita
1836 3381 1865 3410 in
1882 3382 2026 3423 religione
2042 3385 2075 3414 δι

364 3419 424 3450 Dei
434 3419 516 3451 cultu
525 3419 587 3453 sunt
597 3422 753 3454 discordes.
785 3424 853 3465 quia
865 3434 898 3454 ex
907 3434 1085 3465 quocunque
1093 3423 1284 3456 oriundisuut
1299 3424 1383 3457 loco,
1394 3425 1442 3454 vel
1457 3435 1663 3467 quamcunque
1678 3424 1780 3456 mundi
1798 3424 1911 3465 plagam
1929 3426 2074 3461 incolant,

364 3472 438 3494 vnus
448 3473 544 3494 tamen
553 3468 686 3497 omnium
696 3468 736 3498 est
745 3467 828 3498 fistor
837 3470 868 3499 δε
879 3478 959 3507 pater
969 3490 978 3503 ‚
987 3469 1036 3509 qui
1047 3479 1107 3499 vno
1116 3467 1252 3499 consensu
1263 3469 1299 3498 ab
1311 3469 1451 3499 omnibus
1462 3469 1615 3510 qiiaerendu
1623 3483 1634 3499 s
1645 3468 1693 3498 est.
1727 3470 1763 3499 Et
1782 3468 1860 3500 certe
1878 3479 1974 3511 neque
1990 3470 2074 3500 loco-

360 3515 424 3539 rum
434 3507 565 3542 distantia
574 3531 584 3546 ,
594 3520 689 3553 neque
698 3512 771 3544 fines
779 3513 1047 3557 regionum‚neque
1058 3523 1173 3545 morum
1183 3512 1347 3550 diuersitas,
1357 3523 1452 3556 neque
1463 3514 1518 3547 vlla
1529 3513 1648 3555 diuortij
1657 3513 1733 3546 inter
1743 3513 1879 3545 homines
1888 3513 2072 3589 εαυΐοιρεέιὲι

1980 3567 2009 3588 ui
2059 3573 2073 3581 -
