2310 3841
739 171 1020 221 CAPVT
1084 171 1209 219 1111.
1419 209 1426 219 .
1764 178 1869 235 [23

126 256 265 294 tentarint
274 275 283 290 ,
293 253 340 286 sed
349 248 495 285 Dominus
503 248 555 290 pe'r
564 245 640 289 ipsos
650 249 760 290 egerit,
770 257 860 289 quum
871 248 910 278 ita
919 246 1058 287 expedire
1068 246 1205 277 nouerat.
1224 235 1301 277 I-linc
1309 240 1417 276 factum
1437 242 1478 275 est
1487 265 1496 283 ⁵,
1505 252 1536 275 vr
1547 241 1635 275 vnum
1656 243 1777 277 sanarint
1787 254 1796 282 3
1806 252 1867 280 non

125 313 224 336 autem
235 298 400 343 promiscue
409 293 870 334 omnesAEigmquemadmodum
882 293 911 322 in
921 292 985 323 aliis
995 291 1083 323 rebus
1092 291 1200 322 ducem
1209 300 1242 320 ac
1250 289 1425 321 directorem
1437 289 1586 320 habebant
1598 290 1654 320 Dei
1663 290 1815 330 Spiritum,
1827 293 1866 325 ita

123 349 214 380 etiam
225 348 253 375 iu
265 345 318 374 hic
331 352 419 384 parte.
431 339 506 370 Ideo
518 359 526 373 ‚
545 336 709 378 priusquam
727 336 864 367 claudum
875 335 991 378 surgere
1008 335 1109 366 iubeat
1125 337 1227 365 Petrus
1237 355 1246 370 ,
1258 334 1387 365 coniecit
1397 334 1426 364 in
1435 343 1502 365 eum
1511 343 1544 364 ac
1555 332 1655 364 defixit
1667 327 1864 366 oculosffllis

123 392 248 423 intuitus
258 399 317 419 non
328 396 418 419 caruit
426 381 564 426 peculiari
574 383 698 422 Spiritus
709 390 801 410 moru.
812 380 888 411 Hinc
909 379 941 410 fit
952 402 960 415 ,
970 390 1002 412 νε
1010 389 1069 411 tam
1088 378 1187 410 secure
1205 378 1241 409 de
1259 377 1402 409 miraculo
1419 378 1599 418 pronuntiet.
1610 378 1703 409 1³01sp
1718 400 1724 412 ‚
1737 379 1862 410 egestam

122 435 181 466 hoc
193 433 286 463 verbo
298 431 432 463 claudum
443 427 538 458 voluit
545 426 582 457 ad
592 425 790 466 recipiendam
804 427 858 454 Dei
871 434 993 466 gratiam
1007 435 1014 454 :
1025 423 1077 454 ille'
1085 433 1184 455 tamen
1198 422 1270 453 nihil
1284 422 1371 465 quam
1383 422 1597 462 eleemosynam
1614 420 1756 463 expestat.

153 488 173 510 6
207 481 230 508 Α
238 490 253 508 a
261 490 277 509 G
286 489 300 509 a
309 486 396 507 NTVM
407 484 446 504 si·
462 471 670 510 avizvm.)Vere
681 468 792 500 excusat
804 470 907 499 Petrus
918 468 944 499 se
955 479 992 498 eo
1002 467 1110 499 auxilio
1122 467 1237 498 destitui
1249 468 1331 508 quod
1341 467 1463 498 claudus
1473 469 1713 508 petebat.ltaqiie
1723 467 1854 500 testatum

122 522 143 554 fi
153 521 246 560 poffet
256 532 318 553 ειυς
328 522 432 560 inop-ac
442 514 748 549 succurreredibentei·
757 511 782 544 se
794 510 954 543 factarum:
968 512 1050 545 sicuti
1061 511 1227 553 expendere
1239 510 1432 554 vnusquisqne
1453 508 1580 542 nostium
1600 510 1690 542 debet
1714 512 1785 551 quid
1804 510 1858 542 fibi

122 569 139 599 ὲ
148 570 175 598 D
187 577 282 597 ‚mino
294 566 392 596 ditum
406 560 438 592 sit
450 582 459 597 ,
468 571 499 592 vt
509 559 580 590 inde
589 567 737 599 proximos
756 558 850 588 iuuet.
873 556 1029 599 Qicquid
1047 558 1125 587 enim
1137 553 1282 587 facultatis
1294 558 1376 587 Deus
1395 554 1514 597 singulis
1534 555 1678 586 distribuit
1687 575 1696 589 ‚
1711 556 1861 587 charitatis

124 611 287 652 exercende
296 609 356 641 vult
365 604 421 638 esse
431 615 575 648 organum
585 604 631 634 vel
640 602 859 634 adminiculum.
870 604 944 632 Ideo
953 603 1024 632 dicit
1033 600 1060 632 se
1070 603 1138 633 dare
1150 600 1230 643 quod
1240 601 1338 632 habet.
1349 597 1502 640 Princ2pio
1518 599 1646 641 quidem
1661 610 1721 631 erat
1740 601 1798 630 hoc
1807 599 1860 629 -lu-

122 657 231 688 sorium
248 677 256 690 ‚
268 654 421 694 postquam
432 650 467 681 ad
477 659 569 680 ratam
578 646 655 688 spem
664 655 816 678 attraxerat
826 648 929 677 Petrus
940 645 1034 677 claudi
1044 646 1175 676 animum
1188 666 1196 678 ,
1206 644 1244 675 de
1256 645 1357 685 inopia
1368 644 1414 676 sua
1433 643 1540 684 praefari
1551 664 1559 677 ,
1573 643 1651 686 quafi
1671 644 1759 676 vellet
1779 645 1861 674 hian-

123 711 186 734 tem
197 708 319 731 coruum
330 696 485 728 deludere:
494 692 540 724 sed
552 702 619 723 mox
628 691 760 723 solatium
770 690 880 722 adiecit
890 714 897 725 ,
906 702 938 722 vt
948 689 1087 721 cresceret
1098 689 1154 730 ipsa
1163 689 1387 731 comparatione
1399 688 1530 720 miraculi
1553 696 1689 729 pretium.
1705 686 1860 720 Horrenda

123 745 165 777 est
175 743 309 781 impietas
320 764 328 776 ‚
338 740 421 782 quod
437 741 513 778 Pipa
523 736 592 767 dum
603 745 727 771 creatur,
737 735 765 765 in
777 735 924 766 comicum
934 734 980 766 vel
991 734 1089 775 potius
1097 732 1245 764 scurrilem
1257 733 1360 769 lusum,
1371 734 1509 764 hocloco
1521 732 1708 775 impudenter
1719 734 1859 764 abutitur.

124 792 198 821 Duae
208 787 272 819 sunt
283 786 398 827 lapidee
418 782 491 814 sellae
499 801 508 816 ‚
520 790 641 823 quarum
653 781 682 812 in
691 780 779 811 altera
787 779 856 810 dum
867 779 945 811 sedet
954 800 964 814 ‚
975 780 1007 810 δε
1016 777 1032 808 ὲ
1050 778 1164 818 populo
1175 774 1391 818 eleemosynam
1401 776 1528 818 poscitur
1540 797 1548 810 ‚
1564 776 1610 808 his
1619 778 1697 809 Petri
1709 777 1863 813 verbis'ie-

127 833 287 875 spondens,
299 840 401 861 cruces
411 826 509 870 digitis
518 825 548 855 in
556 834 652 855 aerem
663 824 778 866 spargit.
788 826 820 854 ln
829 824 956 855 vicinam
973 821 1068 852 sellam
1078 820 1228 852 traductus
1238 839 1247 853 2
1255 821 1384 852 sacculos
1393 821 1482 856 habet
1502 822 1627 863 pecunia
1637 821 1770 853 refertos.
1782 821 1860 854 Tum

124 879 168 910 illi
179 877 217 908 sui
229 876 324 917 angeli
335 873 508 906 acclamant,
519 866 654 909 Disperfit
664 869 759 903 ‚dedit
767 868 952 908 pauperibus.
962 867 1026 906 Hoc
1036 865 1105 896 ideo
1114 865 1200 896 retuli
1210 884 1219 898 ‚
1230 865 1290 906 qub
1301 866 1406 897 melius
1421 876 1526 906 omnes
1542 866 1634 907 pei-spi
1643 866 1721 898 ciant
1738 861 1862 898 &thani
1874 843 1976 911 525³*

123 923 186 956 illic
196 921 281 963 plan&
290 928 428 960 regnare,
440 915 490 945 vbi
500 923 558 944 tam
570 922 673 953 aperto
685 911 816 942 ludibrio
833 910 940 942 sacrum
954 910 1010 940 Dei
1022 909 1148 940 verbum
1162 909 1296 939 habetur.
1316 910 1356 941 Vt
1366 919 1463 941 autem
1483 910 1518 940 ad
1536 911 1668 951 priorem
1688 908 1863 943 sententiam

125 976 255 1000 reuertar
268 987 276 999 ‚
296 963 360 994 satis
380 960 474 1001 liquet
483 979 492 994 ,
501 958 624 988 Petrum
636 966 716 988 certa
726 954 908 986 reuelatione
919 953 1089 987 instructum
1101 948 1195 988 fuisse,
1205 963 1295 994 quum
1306 953 1332 983 se
1343 954 1454 984 donum
1464 953 1591 985 sanitatis
1600 952 1709 986 habere
1717 955 1864 997 praedicsst,

166 1013 204 1042 In
221 1021 239 1040 u
248 1019 326 1038 omri«
334 1017 350 1036 ε
363 1016 391 1035 ιε
399 1014 432 1035 εν
443 1000 594 1042 )l’raefatur
603 1001 663 1032 hoc
673 1010 750 1042 opus
759 1009 792 1030 :ic
801 999 982 1030 beneficium
991 997 1099 1029 Christi
1110 994 1263 1038 essequod
1274 996 1380 1028 claudo
1390 998 1500 1038 pedum
1512 997 1590 1029 vsum
1602 998 1760 1035 rellituit,n
1768 1011 1832 1032 om
1841 999 1860 1031 ii

124 1056 205 1087 enim
215 1050 407 1096 prolmperio
419 1058 452 1078 ac
463 1047 571 1078 virtute
579 1045 732 1083 accipitur.
744 1046 848 1085 Neque
857 1044 976 1074 enimin
986 1043 1069 1074 vocis
1078 1040 1174 1073 sonitu
1188 1041 1357 1073 somnianda
1369 1042 1409 1073 est
1419 1043 1462 1073 vis
1475 1043 1598 1083 magica:
1607 1053 1668 1085 quo
1678 1045 1770 1074 modo
1781 1045 1867 1086 ludei

123 1099 155 1131 in
167 1091 428 1130 nominelehouah
441 1090 573 1122 delirant.
596 1092 631 1121 In
642 1088 750 1120 summa
759 1108 767 1121 ‚
778 1088 916 1119 testatum
928 1087 1023 1118 voluit
1035 1089 1140 1118 Petrus
1150 1086 1222 1116 nihil
1234 1085 1322 1127 qiidm
1333 1086 1494 1118 ministrum
1507 1086 1534 1116 se
1545 1084 1602 1118 effe
1614 1109 1623 1122 ,
1635 1087 1784 1120 Christum
1795 1089 1868 1120 verb

125 1142 259 1181 miraculi
268 1137 469 1172 authoressl-loc
477 1135 557 1166 enim
568 1144 636 1176 cure
645 1133 756 1164 habere
766 1131 914 1168 debuit‚vt
926 1130 1058 1163 Christus
1067 1130 1179 1161 mundo
1191 1131 1433 1165 innotescerenac
1443 1130 1666 1162 sanctificaretur
1677 1132 1739 1162 eius
1749 1143 1870 1164 nomen.

128 1190 193 1219 Cur
202 1196 299 1218 autem
309 1183 427 1214 Christo
437 1180 593 1222 epitheton
604 1178 730 1209 Nazaraei
746 1176 972 1209 adscribit?Aliis
989 1175 1129 1217 relinquo
1138 1172 1219 1208 suurn
1237 1173 1379 1207 iudicium
1390 1187 1397 1207 ι
1407 1174 1456 1207 sed
1470 1185 1528 1218 ego
1544 1175 1587 1208 ita
1601 1174 1693 1208 sentio
1703 1188 1709 1206 z
1719 1177 1871 1215 Qumita

127 1243 180 1273 per
189 1237 397 1269 contemptum
409 1224 542 1256 Christus
553 1233 712 1255 vocaretur
722 1243 731 1257 ,
741 1224 860 1253 Petrum
871 1221 935 1253 data
945 1232 1034 1262 opera
1043 1218 1164 1251 voluisse
1175 1221 1338 1262 exprimeie
1348 1224 1440 1251 leium
1453 1221 1534 1251 illum
1545 1231 1595 1262 qui
1605 1219 1763 1254 crucifixus
1772 1221 1866 1255 fuerat

129 1279 162 1308 δε
173 1275 256 1306 cuius
266 1282 377 1304 nomen
387 1267 618 1310 contemptibile
628 1265 827 1308 acinglorium
848 1276 908 1298 erat
922 1266 1023 1296 Iudaeis
1033 1286 1042 1299 ‚
1053 1262 1198 1306 plerisque
1214 1264 1303 1296 etiam
1321 1264 1493 1310 detestabile
1507 1287 1515 1300 ‚
1526 1264 1582 1296 ess‘e
1598 1275 1701 1297 tamen
1713 1259 1840 1298 Meffiam
1850 1263 1867 1298 ἃ

129 1323 199 1352 Deo
209 1314 398 1361 promissum,
419 1317 450 1346 &
465 1313 507 1344 illi
529 1313 625 1344 datam
642 1308 698 1343 effe
716 1310 956 1342 omnemaPatre
975 1308 1149 1351 potestatem
1160 1321 1168 1340 z
1179 1308 1429 1353 quemadmodum
1446 1309 1520 1342 dicit
1536 1308 1821 1345 Paulus2Christum
1839 1311 1866 1343 se
1879 1305 1974 1345 aceri}

129 1366 286 1407 praedicaze
298 1384 307 1398 ,
319 1363 350 1393 &
372 1360 452 1389 hunc
469 1355 651 1388 crucifixum.
1377 1350 1382 1369 i
1884 1348 1929 1362 aa.

162 1411 201 1439 Sv
210 1419 271 1439 aar.
285 1417 323 1437 ετ
338 1401 598 1441 Amevtx.)Videri
607 1409 723 1442 poterat
733 1399 792 1430 hoc
800 1397 941 1441 perquam
951 1396 1120 1430 ridiculum.
1142 1395 1260 1430 Claudo
1277 1396 1355 1429 enim
1373 1407 1544 1440 promptum
1562 1398 1623 1430 erat
1641 1396 1793 1441 excipere,
1804 1401 1867 1432 Cur

128 1463 189 1484 non
201 1452 272 1482 milii
285 1459 363 1490 prius
373 1449 497 1479 crura&
507 1437 597 1486 ped'es
607 1442 708 1474 dedisti
719 1447 731 1473 ἓ
742 1446 806 1474 Hoc
816 1444 894 1473 enim
905 1442 1029 1473 illudere
1040 1441 1098 1475 est,
1110 1452 1200 1484 quum
1216 1441 1369 1473 hominem
1380 1443 1507 1483 pedibus
1515 1443 1622 1474 orbum
1641 1443 1726 1475 iubes
1743 1444 1867 1475 incede-

129 1508 171 1529 re.
181 1496 238 1527 Sed
248 1495 336 1526 fidem
348 1491 452 1523 habuit
461 1500 534 1531 petri
547 1489 647 1520 vei-bis
658 1499 665 1517 z
677 1490 708 1518 δε
718 1489 768 1528 qui
779 1487 866 1518 initio
879 1485 914 1518 fic
922 1486 1022 1518 tardus
1032 1495 1092 1517 erat
1103 1507 1112 1521 ,
1122 1496 1201 1517 nunc
1213 1486 1311 1517 ετεᾶο
1321 1489 1353 1518 δε
1363 1487 1449 1518 alacri
1468 1490 1568 1518 animo
1578 1507 1587 1520 2
1599 1488 1656 1518 Dei
1674 1489 1785 1519 donum
1803 1499 1868 1519 am-

130 1541 279 1583 plectitur,
289 1538 407 1570 vnde&
425 1534 509 1566 verbi
518 1533 645 1564 efficacia
655 1529 822 1566 ,acfrustus
832 1530 900 1561 fidei
911 1540 1039 1570 apparet.
1048 1530 1180 1561 Efficacia
1190 1538 1287 1562 autem
1307 1531 1389 1562 verbi
1408 1531 1514 1573 duplex
1525 1543 1532 1562 z
1543 1531 1573 1562 &
1591 1530 1672 1574 quod
1691 1529 1810 1565 claudus
1828 1532 1868 1565 fic

127 1585 250 1616 afficitur
260 1606 268 1617 ‚
279 1592 309 1612 νε
319 1580 454 1623 protinus
463 1577 521 1608 sine
529 1577 700 1607 difficuitare
709 1575 908 1615 obtemperet:
920 1577 951 1605 &
960 1574 1042 1616 quod
1051 1575 1187 1614 vigorem
1198 1575 1338 1605 mer‘nbrvs
1355 1576 1498 1607 emortuis
1512 1570 1643 1608 infundit
1653 1598 1663 1611 ‚
1672 1587 1705 1608 ac
1724 1577 1869 1620 quodam-

128 1627 220 1659 modo
230 1627 385 1658 hominem
397 1631 530 1653 renouat.
540 1620 621 1650 Fidei
630 1629 728 1650 autem
737 1618 850 1650 constat
859 1616 905 1649 sua
916 1627 1029 1649 merces
1038 1638 1048 1653 ,
1060 1617 1141 1658 quod
1153 1628 1213 1648 non
1232 1616 1332 1648 frustis
1347 1617 1460 1659 surgere
1479 1620 1616 1654 iubenti,
1626 1622 1718 1661 paret.
1727 1621 1870 1654 Videmus

130 1671 353 1714 ergo‚qualiter
362 1670 445 1699 Deus
455 1676 504 1706 per
514 1664 639 1697 verbum
647 1672 939 1704 opereturtnempe,
951 1672 1042 1703 quum
1058 1671 1123 1693 eius
1139 1661 1338 1703 praedicationi
1358 1662 1408 1693 dat
1427 1662 1583 1695 successum
1595 1685 1604 1699 ,
1614 1664 1645 1697 vr
1665 1665 1694 1694 in
1714 1665 1873 1697 hominum

130 1719 249 1749 animos
258 1722 393 1756 penetret
404 1709 527 1741 :deinde
536 1719 626 1751 quum
637 1717 724 1738 manu
733 1706 778 1738 sua
787 1706 911 1738 exhibet
919 1717 980 1747 quat
990 1705 1052 1736 illic
1060 1704 1312 1748 promittittadh'ec
1322 1701 1411 1737 fidem
1421 1706 1476 1738 effe
1487 1708 1594 1738 irritam
1606 1718 1666 1738 non
1677 1707 1872 1752 patitur‚qui‹'i

131 1761 206 1794 vere
214 1760 343 1801 potiatur
354 1756 445 1788 bonis
455 1754 597 1784 omnibus
607 1762 669 1793 quae
678 1750 732 1785 sibi
740 1761 791 1791 per
801 1752 924 1782 verbum
935 1750 1034 1781 oblata
1044 1750 1188 1791 expectat.
1196 1746 1372 1782 Tenendum
1382 1762 1481 1784 autem
1490 1751 1632 1784 memoria
1642 1752 1789 1794 quodiam
1800 1755 1874 1791 dixi,

130 1805 164 1835 in
175 1805 230 1834 hae
237 1802 356 1833 historia
366 1810 421 1830 nos
431 1799 541 1830 habere
548 1796 626 1838 quasi
636 1793 832 1828 vniuersalem
838 1794 993 1835 spiritualis
1002 1794 1105 1825 nostrae
1111 1793 1305 1826 restitutionis
1312 1794 1383 1836 ty‘pu
1389 1807 1426 1827 m:
1439 1794 1642 1838 nempe,qubd
1651 1796 1732 1828 sicuti
1744 1797 1870 1832 verbum'

133 1848 194 1880 fide
204 1843 414 1888 apprehensum
423 1862 433 1876 ,
446 1842 602 1873 sanitatem
621 1839 727 1871 claudo
736 1838 864 1880 praestitit
872 1858 882 1873 ,
892 1838 931 1869 ita
939 1838 1149 1878 Dominuspet
1158 1838 1283 1869 verbum
1294 1847 1430 1878 penetrat
1446 1841 1477 1870 in
1489 1842 1611 1875 animas,
1621 1841 1654 1872 νε
1663 1851 1710 1872 eas
1720 1842 1871 1875 instauret.

132 1896 179 1926 Ac
187 1892 314 1932 primum
324 1887 445 1930 quidem
456 1884 610 1916 Hominum
621 1892 673 1915 ore
681 1883 823 1924 loquitur,
833 1885 865 1913 &
877 1888 932 1912 nos
940 1880 976 1911 ad
987 1880 1057 1912 fidei
1067 1880 1271 1912 obedientiam
1282 1882 1435 1913 extimulat
1445 1894 1453 1913 τ
1463 1883 1572 1914 deinde
1583 1883 1660 1914 intus
1667 1885 1756 1916 corda
1767 1885 1871 1919 mouet

132 1937 185 1970 suo
194 1935 315 1978 Spiritu,
326 1942 358 1963 νε
367 1930 494 1963 ver-bum
505 1929 534 1958 in
545 1927 636 1958 nobis
647 1927 727 1958 viuas
743 1925 854 1971 radices
863 1923 1202 1968 agatzdenique‚manum
1213 1925 1382 1968 Porrigat,&
1394 1926 1492 1957 modis
1500 1927 1641 1958 omnibus
1649 1920 1770 1960 suumin
1780 1929 1871 1962 nobis'

133 1991 212 2024 opus
224 1979 337 2021 implet.
347 1976 397 2007 Sic
406 1971 554 2005 tractanda
561 1964 619 2002 else
628 1970 767 2005 miracula
777 1979 812 2001 ex
820 1971 960 2002 Matthaeo
969 1970 1152 2012 colligimus.
1356 2005 1359 2006 ⁷
1597 2004 1600 2007 Δ
1616 1991 1622 1996 ,

166 2038 183 2060 9
218 2026 260 2055 Ετ
272 2031 362 2055 vmir
376 2033 395 2050 ο
404 2029 424 2049 ia
433 2030 484 2049 ηις
497 2028 580 2048 ρορν
589 2025 626 2045 tv
635 2016 673 2054 s.)
694 2016 755 2045 [am
765 2011 891 2045 frustum
902 2014 1008 2055 incipit
1019 2013 1152 2045 miraculi
1162 2021 1278 2045 narrare
1287 2035 1296 2050 ‚
1308 2012 1390 2056 quod
1398 2013 1507 2048 scilicet
1517 2013 1639 2048 claudus
1655 2007 1868 2060 gratitudinem

134 2070 212 2102 suam
222 2068 341 2100 testatus
349 2064 394 2096 sit.
404 2061 552 2094 laudando
562 2063 670 2090 Deum:
683 2060 715 2090 δε
723 2067 806 2090 totus
814 2057 940 2099 populus
949 2059 979 2088 in
987 2057 1214 2090 admirationem
1223 2061 1321 2098 raptus
1337 2056 1435 2089 fuerit.
1470 2056 1526 2091 Hic
1543 2061 1615 2092 verb
1635 2063 1674 2092 est
1691 2060 1800 2102 duplex
1808 2059 1868 2093 frua

135 2115 210 2146 stus.
243 2115 317 2143 Nam
328 2109 379 2151 qui
391 2108 503 2138 sanatus
512 2104 552 2136 est
561 2126 571 2140 ‚
582 2105 640 2135 Dei
659 2101 836 2134 beneficium
847 2101 976 2145 :ignoscit
993 2102 1025 2134 δε
1035 2101 1166 2134 celebrat
1175 2123 1185 2137 ,
1204 2102 1331 2143 populus
1341 2112 1376 2133 ex
1393 2102 1481 2134 altera
1490 2114 1571 2144 parte
1579 2115 1789 2137 commonetur
1804 2127 1812 2140 ,
1831 2103 1863 2137 δέ

135 2157 211 2191 fama
222 2150 436 2198 longiiissparsa
447 2173 456 2186 ,
466 2158 621 2183 accurrunt
630 2146 712 2178 multi
720 2145 757 2178 ad
763 2145 972 2189 spestaculum.
1003 2148 1148 2178 Caeterum
1159 2167 1169 2181 ,
1177 2145 1258 2187 qubd
1268 2141 1340 2177 dicit
1348 2149 1438 2177 Lucas
1448 2166 1457 2181 ‚
1473 2157 1486 2175 s
1494 2158 1621 2187 rvpoitt
1632 2146 1761 2191 repletos
1770 2147 1863 2184 fuiffea

136 2208 377 2245 praeparationem
386 2194 501 2229 tantum
512 2193 634 2226 indicat,
646 2191 733 2234 quim
743 2190 859 2232 plenior
870 2191 991 2222 tandem
1001 2189 1140 2232 sequutus
1149 2189 1188 2221 est
1197 2189 1355 2231 profestus.
1378 2191 1458 2222 Vltra
1467 2192 1546 2223 enim
1564 2192 1703 2236 progredi
1719 2195 1864 2235 oportuit,-

138 2248 208 2291 quia
216 2244 305 2288 perse
316 2254 376 2273 non
387 2242 513 2272 multum
523 2235 652 2269 valuiffet
662 2235 816 2267 admiratio
825 2257 834 2271 ,
845 2238 907 2278 q'uae'
916 2234 1063 2267 attonitos
1072 2235 1165 2277 magis
1172 2232 1315 2266 reddebat
1323 2255 1333 2270 ,
1351 2234 1437 2276 quam
1448 2236 1483 2267 ad
1493 2234 1591 2269 Deum
1610 2238 1779 2270 adduceret.
1799 2235 1865 2269 Fuit

139 2302 213 2332 ergo
229 2287 308 2331 quali
321 2285 546 2317 fundamentum
554 2279 642 2313 futuri
652 2278 765 2321 aedificij
775 2302 784 2316 ,
794 2280 1019 2322 quodcpopulus
1034 2279 1150 2320 stupore
1169 2278 1262 2309 tastus
1279 2277 1343 2310 fuit.
1364 2282 1439 2310 Nam
1452 2279 1469 2310 fi
1481 2283 1676 2324 contemptim
1687 2282 1867 2323 praeterimus

136 2336 196 2367 Dei
207 2329 385 2372 opera‚niliil
395 2338 522 2368 vnquam
535 2325 697 2367 poterimus
705 2324 805 2355 exiliis
815 2322 966 2364 proficere.
983 2320 1077 2354 Porro
1087 2342 1096 2358 ,
1109 2323 1157 2355 hic
1165 2323 1249 2353 locus*
1260 2322 1445 2357 documento
1455 2323 1495 2356 est
1504 2347 1511 2360 ,
1521 2323 1592 2366 quid
1601 2328 1653 2369 per
1662 2325 1689 2357 se
1697 2327 1728 2357 in
1740 2326 1871 2358 homini-

137 2379 195 2411 bus
205 2377 331 2409 efficiant
340 2373 599 2411 miraculiznempe
607 2368 687 2411 quod
700 2369 845 2408 stuporem
856 2366 1010 2399 confusum
1019 2363 1284 2410 gignunt.Tametfi
1295 2367 1373 2397 enim
1389 2368 1537 2400 Dominus
1547 2367 1626 2402 suam
1636 2370 1698 2402 illic
1706 2371 1871 2412 potentiam

141 2426 174 2456 δε
183 2422 349 2454 bonitatem
361 2415 516 2458 conspicue
526 2412 714 2445 monstrando
724 2433 734 2446 ‚
744 2411 822 2442 recta
831 2422 886 2442 nos
896 2410 931 2442 ad
940 2410 966 2442 se
976 2422 1062 2443 vocat
1072 2433 1082 2447 ‚
1091 2413 1148 2453 que
1158 2419 1256 2441 tamen
1271 2410 1312 2442 est
1323 2411 1435 2452 ingenii
1446 2412 1533 2444 nostri
1543 2414 1732 2449 imbecillitas
1744 2436 1752 2451 ‚
1764 2416 1871 2456 impin*

140 2470 240 2511 gimus
249 2465 295 2498 vel
305 2463 458 2504 deficimus
468 2461 496 2490 in
506 2458 604 2490 medio
614 2455 806 2490 cursu‚donec
814 2456 932 2488 accedat
940 2454 1097 2487 subsidium
1106 2453 1254 2486 doarinae'.
1276 2454 1427 2487 Discamus
1436 2467 1509 2500 ergo
1526 2468 1694 2491 reuerenter
1706 2459 1869 2490 considera.

138 2523 172 2544 re
182 2511 240 2541 Dei
249 2519 350 2550 opera,
362 2517 393 2539 vr
403 2515 505 2536 eorum
516 2501 680 2535 admiratio,
691 2499 829 2531 dostrinae
837 2499 947 2531 aditum
957 2497 1119 2540 patefaciat.
1141 2501 1219 2530 Nam
1229 2502 1319 2541 q'uum
1331 2494 1408 2541 apud
1420 2512 1474 2533 nos
1481 2501 1569 2544 friget
1579 2525 1588 2538 ‚
1596 2515 1630 2536 ac
1640 2502 1752 2534 inutilis
1762 2502 1800 2532 est
1811 2502 1866 2532 do-'

140 2556 244 2588 irrina,
256 2557 338 2584 Deus
347 2548 591 2593 iugratitudinem
601 2545 795 2576 nostramhoc
806 2544 898 2576 modo
909 2543 981 2577 iuste
993 2543 1140 2574 vlciscitur
1151 2565 1160 2579 ,
1170 2544 1239 2584 quia
1248 2547 1372 2583 operum
1389 2543 1505 2576 suorum
1523 2546 1646 2588 gloriam
1657 2545 1866 2586 contempseriss

141 2609 217 2632 mus.
249 2596 374 2629 Rursum
387 2617 394 2629 ,
405 2606 422 2636 q
436 2594 470 2623 eia
482 2603 541 2623 non
550 2602 609 2622 tam
621 2589 719 2621 sumus
727 2587 908 2630 perspicaces
918 2609 928 2623 ,
937 2598 969 2620 vr
977 2589 1007 2618 in
1019 2586 1087 2619 solis
1104 2588 1162 2618 Dei
1179 2587 1321 2627 operibus
1337 2591 1489 2620 cernamus
1499 2600 1638 2630 quantum
1647 2585 1710 2621 satis
1720 2588 1800 2624 est„fi
1811 2595 1865 2620 vo.

138 2644 237 2676 lumus
246 2642 281 2673 ad
291 2640 412 2681 scopum
422 2637 577 2679 peruenire
585 2655 594 2669 ,
602 2632 743 2665 discamus
750 2634 911 2675 adiungere
921 2632 1060 2664 dostrinae
1067 2629 1288 2664 adminiculum.
1324 2633 1357 2661 In
1369 2630 1476 2664 summa
1485 2652 1496 2668 ,
1507 2634 1629 2666 alterum
1641 2634 1676 2664 ab
1686 2634 1778 2665 altero
1787 2633 1868 2674 sepaa

140 2689 195 2720 rari
206 2697 267 2719 non
277 2685 377 2716 debet.
406 2685 410 2688 '
421 2683 516 2713 Cuius
526 2681 566 2711 rei
576 2677 711 2719 locuples
721 2676 800 2708 testis
809 2676 848 2707 est
857 2677 1047 2717 experientia.
1070 2675 1148 2706 Hinc
1158 2675 1236 2706 enim
1248 2673 1356 2705 factum
1368 2675 1409 2706 est
1417 2696 1428 2711 ,
1444 2686 1474 2708 vt
1485 2674 1611 2710 mundus
1628 2677 1703 2709 adeo
1714 2678 1868 2719 perperam

142 2731 247 2765 abusus
255 2729 288 2761 fit
298 2724 455 2760 miraculis.
485 2724 602 2766 Papistae
611 2720 774 2754 identidem
784 2721 921 2761 miracula
928 2720 1085 2752 obiiciunt.
1094 2720 1249 2760 Fingamus
1264 2728 1332 2749 vera
1343 2716 1399 2749 effe
1410 2723 1585 2763 quecunque
1602 2721 1709 2752 iastius
1720 2732 1727 2750 ι
1738 2732 1865 2763 magno-

144 2786 216 2816 pere
225 2783 324 2806 tamen
334 2780 429 2802 errarit
441 2770 469 2799 in
479 2779 517 2800 eo
527 2789 536 2803 ,
546 2766 629 2809 quod
639 2768 669 2797 in
677 2765 805 2796 alienum
814 2763 904 2797 finem
912 2764 960 2798 illa
968 2765 1146 2806 detorquent
1156 2775 1165 2793 .-
1176 2767 1282 2803 nempe
1292 2784 1301 2797 ‚
1310 2772 1342 2793 vr
1353 2762 1508 2797 obscurent
1517 2766 1573 2796 Dei
1583 2766 1692 2796 nomen
1703 2784 1712 2798 ‚
1722 2767 1753 2795 δε
1765 2767 1869 2806 puram'

143 2819 296 2862 Euangelij
306 2815 460 2847 veritatem
468 2811 523 2844 suis
531 2810 708 2852 commentis
719 2808 860 2841 inficiant.
891 2809 976 2841 Vnde
986 2810 1063 2840 enim
1074 2818 1120 2840 tot
1130 2805 1314 2847 superstitiosi
1331 2809 1363 2837 &
1372 2808 1456 2848 impij
1465 2808 1625 2839 sanctorum
1637 2810 1733 2839 cultus
1743 2830 1752 2844 ‚
1769 2807 1819 2840 nifi
1831 2809 1868 2841 εξ

145 2862 354 2895 miraculorum
369 2856 476 2889 abusu?
499 2859 576 2901 Nam
586 2853 858 2896 qeiuminiraculum
869 2849 1306 2896 aliquodeditur‚commoueri
1325 2849 1461 2882 homiues
1479 2850 1591 2882 necesse
1608 2852 1657 2883 est.
1679 2848 1758 2889 Quia·
1767 2856 1868 2886 autem⁴

145 2908 222 2940 surdi
233 2905 268 2937 ad
279 2911 402 2937 verbum
414 2923 423 2937 ,
434 2910 490 2933 nec
498 2900 657 2932 attendunt
666 2896 738 2939 quid
747 2895 888 2929 fibiDeus
898 2897 969 2931 velit
979 2917 988 2933 ‚
997 2895 1087 2929 astute
1096 2895 1202 2926 Sathan
1211 2903 1245 2924 ex
1255 2891 1369 2935 stupore
1389 2894 1486 2925 nostro
1496 2894 1705 2937 superstitionis
1715 2896 1808 2928 ansam
1821 2904 1870 2929 cai-⁷

145 2961 220 2994 prat.
231 2948 363 2989 Exempli
374 2945 481 2990 gratia:
492 2943 655 2986 Agnoscam
665 2943 726 2975 Dei
733 2943 895 2984 potentiam
904 2944 935 2974 in
947 2941 1099 2974 miraculo.
1120 2940 1148 2969 Si
1156 2938 1267 2969 &Petro
1278 2937 1389 2968 editum
1400 2936 1455 2969 fuir
1467 2959 1475 2974 ,
1486 2938 1633 2981 extemplb
1650 2939 1784 2982 suggeret
1794 2940 1869 2973 mihi

148 2990 410 3027 Satmmvidesne
421 2989 500 3020 hunc
517 2988 652 3019 diuinum
671 2982 728 3017 effe
744 2986 913 3019 hominem?
939 2985 1082 3024 Diuinum
1090 2993 1161 3025 ergo
1178 2981 1221 3012 illi
1231 2979 1341 3013 cultum
1354 2981 1455 3013 debes.
1477 2983 1559 3014 Idem
1571 2984 1738 3027 contigiffet
1753 2984 1870 3022 ludaeis,

151 3039 203 3070 niti
211 3038 355 3070 attonitos
364 3037 393 3067 in
407 3034 483 3065 viam
493 3030 652 3064 reuocaffer
660 3030 740 3062 Petri
751 3031 866 3061 concio.
899 3033 934 3061 In
943 3033 1054 3072 Papatu
1063 3027 1134 3060 verb
1145 3047 1155 3061 ,
1169 3025 1218 3057 vbi
1231 3024 1326 3056 nullus
1334 3026 1512 3069 coarguebat
1521 3026 1752 3068 superstitionem
1765 3048 1774 3063 ‚
1785 3028 1870 3062 facile

149 3076 461 3124 obtinujtpraepostera
472 3077 626 3108 hominum
637 3075 804 3107 admiratio.
836 3074 909 3115 Qb
917 3076 1011 3118 magis
1021 3070 1132 3105 solicite
1140 3070 1155 3101 ὲ
1163 3070 1262 3101 Verbo
1273 3069 1400 3110 petenda
1415 3070 1455 3102 est
1467 3071 1632 3107 medicina,
1640 3083 1672 3105 νε
1683 3074 1829 3105 miraculis
1839 3081 1870 3105 e.

152 3125 262 3161 rec‘tos,
272 3119 405 3156 dochini
414 3125 443 3154 in
454 3121 564 3153 restum
575 3119 664 3150 finem
677 3118 792 3159 dirigat.

196 3180 221 3199 11
246 3171 282 3200 Iu
295 3180 374 3199 pour
382 3179 393 3198 t
401 3167 467 3206 cv.)
489 3163 651 3197 Verisimile
659 3162 700 3194 est
707 3162 865 3194 extructam
875 3172 912 3194 eo
920 3162 990 3193 loco
999 3157 1079 3192 fuisse
1086 3156 1233 3200 porticum
1242 3175 1252 3190 ,
1263 3155 1312 3186 vbi
1324 3155 1484 3199 aliquando
1493 3160 1664 3192 Solomonis
1672 3161 1801 3204 porticus
1811 3159 1873 3191 fue..

152 3224 209 3248 rat,
219 3210 347 3252 indeque
356 3222 466 3243 nomeu
475 3206 629 3250 sumpliffe.
651 3209 727 3239 Nam
738 3217 822 3239 vetus
831 3206 975 3247 templum
987 3205 1114 3235 dirutum
1124 3201 1227 3232 fuerat:
1237 3197 1284 3230 sed
1294 3202 1357 3231 eius
1367 3202 1647 3246 formam,quantum
1660 3209 1688 3236 in
1700 3205 1726 3235 se
1736 3215 1807 3238 erat,
1819 3208 1874 3235 ze:

154 3254 528 3289 rubabel&Esdi-aimitati
539 3252 661 3284 fuerant.
682 3251 782 3282 Pestea
798 3250 931 3281 Herodes
948 3255 1157 3281 renouauerat,
1168 3245 1278 3276 maiore
1294 3245 1415 3286 quidem
1434 3245 1608 3289 splendore,
1623 3249 1672 3281 sed
1684 3252 1783 3280 inanes
1798 3258 1875 3289 quos

155 3300 265 3332 fecerat
274 3297 399 3338 sumptus
407 3318 415 3333 ‚
426 3297 597 3329 Solomonis
606 3296 777 3325 memoriam
787 3306 846 3327 non
857 3295 1036 3325 extinxerant
1046 3292 1074 3320 in
1084 3288 1186 3330 populi
1196 3288 1344 3322 cordibus.
1366 3293 1510 3326 Nominat
1528 3303 1626 3326 autem
1636 3296 1726 3324 Lucas
1736 3295 1875 3335 tanquau'i

155 3345 256 3377 locum
265 3341 388 3376 maxime
398 3342 558 3379 celebrem,
567 3341 602 3371 ad
611 3350 699 3382 quem
709 3338 865 3371 concursus
873 3337 974 3381 populi
990 3335 1080 3367 factus
1089 3331 1187 3366 suerit.

203 3447 245 3472 η
289 3436 322 3470 V
324 3428 421 3467 idens
431 3439 542 3468 autem
553 3435 679 3473 Petrus,
690 3426 853 3479 respondit
861 3421 1081 3477 adpopulum,
1093 3419 1169 3460 Viri
1179 3420 1429 3477 Istaelitaequid
1438 3416 1612 3461 miramini
1617 3422 1713 3483 fitper
1721 3412 1799 3471 lior,
1813 3416 1879 3464 »iae'e'l

160 3488 342 3530 intuemini
352 3488 390 3524 in
400 3496 472 3530 nos,
484 3484 576 3538 quast
577 3495 656 3538 prop
661 3485 711 3522 ria
717 3484 865 3537 potentia
876 3480 938 3520 vel
938 3480 1068 3534 pietate
1078 3476 1167 3517 hunc
1177 3478 1353 3532 fecerimus
1364 3475 1553 3531 ambulare?

1723 3625 1755 3647 ⁴»,
