2310 3841
243 642 347 668 t.'1*im.i.

242 676 303 700 das.

242 711 345 738 istim-3.

243 1236 337 1264 Geuei7.

241 1910 318 1936 Col-².
329 1909 352 1933 b.

243 1947 332 1969 ιι.8.ιι.

242 1978 339 2001 Galat-².

244 2017 286 2040 aq.

386 170 452 212 142
949 155 1024 195 IN
1065 153 1262 195 ΑετΑ
1317 151 1540 196 APOST.

425 252 453 286 4
496 232 582 274 Cam
590 244 699 275 autem
704 229 942 289 pertranfirem
953 233 1121 280 ciuitates,
1121 230 1292 286 seruanda
1303 231 1366 270 illu
1380 229 1564 270 tradebant
1571 229 1692 287 placita
1703 257 1715 276 ,
1729 237 1800 283 que
1811 227 1949 268 decreta
1958 238 2056 269 erant
2061 227 2105 268 ab

383 291 568 347 apostolis
579 290 620 338 ό·
630 289 838 344 Ρνεώγενιὲ,
853 291 1015 342 quierant
1023 293 1058 328 H
1060 288 1187 344 mosol!-
1194 304 1262 328 mae.

439 361 456 399 5
499 355 616 402 Itaque
625 347 755 401 ecclefiae
764 343 1165 399 confirmabanturfide,&
1175 344 1393 384 abundabant
1400 357 1540 384 numero
1549 342 1745 398 quotidie).

424 457 437 480 x
470 448 595 479 Narrare
604 447 662 479 iam
672 445 777 488 incipit
787 449 878 479 Lucas
888 468 897 482 ,
907 444 1007 489 quales
1017 445 1097 478 Pauli
1107 444 1214 477 suerint
1223 441 1400 487 progressus,
1408 443 1473 486 post
1483 444 1545 475 eius
1555 443 1728 475 &Barnabae
1748 441 1920 476 diuortium.
1941 445 1987 475 Ac
2006 442 2104 486 primo

379 490 501 534 quidem
514 490 600 523 refert
610 491 714 532 Lystris
722 488 896 533 assumptum
905 493 943 522 ab
955 501 993 521 eo
1001 489 1084 522 fuisse
1091 490 1284 522 Timotheum
1296 499 1448 522 comitem.
1457 489 1558 520 verum
1570 498 1600 520 νε
1609 488 1732 519 sciamus
1742 488 1816 518 nihil
1825 487 1939 520 temere
1949 488 1994 519 vel
2007 488 2105 520 minus

380 534 515 568 consulto
526 534 623 567 fecifl'e
633 535 755 568 Paulum
764 535 868 568 diserte
876 535 1011 577 exprimit
1020 534 1279 576 Lucas,probatum
1289 531 1371 564 fuisse
1385 534 1576 566 Timotheum
1587 530 1734 566 fratribus,
1742 529 1860 573 eiusque
1869 535 2007 574 pietatem
2019 530 2102 567 fuiss'e

379 580 522 613 testatam.
532 578 570 611 fic
580 581 658 612 enim
669 580 705 612 ad
713 581 835 613 verbum
844 581 984 623 loquitur.
1010 580 1156 621 Atqueira
1166 589 1254 621 quem
1264 578 1335 611 alibi
1345 577 1489 610 deiectum
1500 578 1604 609 Paulus
1616 579 1645 607 in
1656 577 1830 618 cooptandis
1839 577 1980 608 ministris
1999 576 2103 608 haberi

384 624 479 659 iubet,
487 633 566 655 nunc
574 623 634 666 ipse
643 623 786 658 obseruat.
819 628 926 667 Neque
937 625 1015 655 enim
1027 622 1184 665 probabile
1193 623 1245 659 est,
1256 623 1314 654 iam
1323 632 1392 655 tunc
1402 624 1495 655 editas
1507 621 1588 653 fuisse
1598 621 1780 663 prophetias,
1788 624 1897 663 quibus
1909 622 1922 652 a
1932 622 2040 663 Spiritu
2052 622 2106 652 Ti-

385 667 537 699 motheum
546 666 629 701 fuisse
637 668 806 712 insignitum
816 670 886 701 alibi
898 680 926 701 te
932 669 978 700 stis
990 669 1029 700 est
1040 667 1152 699 Paulus.
1191 669 1248 698 Sed
1257 667 1372 699 videtur
1383 669 1412 699 in
1422 678 1458 698 eo
1465 667 1585 708 aliquod
1595 664 1652 697 esse
1660 664 1825 701 discrimen,
1834 666 1916 708 qubd
1925 670 2020 698 Lucas
2026 666 2100 698 dicre

384 712 579 744 Timotheum
589 712 663 746 boni
672 715 750 745 inter
758 712 860 746 fratres
870 712 951 745 fuiffe
961 714 1089 744 nomims
1097 724 1103 742 :
1111 713 1217 743 Paulus
1224 722 1322 743 autem
1333 713 1395 744 vult
1403 723 1470 743 eum
1482 712 1560 743 bene
1570 711 1671 742 audire
1678 709 1755 751 apud
1764 720 1928 746 extraneos,
1938 711 1988 752 qui
2000 713 2028 741 in
2040 711 2103 752 epi-

387 756 507 798 scopum
515 757 644 801 eligitur.
679 757 864 800 Respondeo,
876 758 1020 800 praecipue
1029 757 1214 798 speClandum
1223 755 1279 787 esse
1289 757 1405 796 piorum
1416 757 1567 788 iudicium:
1577 765 1609 786 vt
1618 753 1670 786 soli
1678 753 1742 786 sunt
1752 754 1852 786 idonei
1863 755 1994 791 testea&
2005 753 2056 786 soli
2067 763 2103 786 ex

386 801 446 833 Dei
455 802 564 843 Spiritu
572 803 651 836 reste
659 805 691 835 δι
702 802 861 845 prudenter
871 802 1045 834 discernunt:
1056 802 1156 843 impiis
1166 801 1238 833 verb
1249 801 1343 831 nihilo
1353 801 1417 843 plus
1427 800 1617 833 tribuendum
1626 797 1699 834 esse,
1710 799 1797 841 quam
1807 802 1899 831 cecis.
1920 801 1994 842 Erga
2009 801 2103 840 piera-

386 846 424 877 tis
434 844 591 889 sancteque
606 848 669 879 vitae
677 847 892 880 astimationem
902 857 937 878 ex
944 848 1116 879 Sanctorum
1127 847 1249 877 arbitrio
1258 848 1289 878 δι
1297 844 1434 888 suffragiis
1444 845 1506 876 fieri
1516 844 1625 876 debere
1632 854 1751 886 apparet
1762 855 1770 874 ι
1781 855 1810 875 νε
1819 845 1926 887 dignus
1935 843 2006 885 epist
2012 852 2103 885 opatu

386 889 549 928 censeatur,
558 901 645 934 quem
656 892 712 923 suis
721 892 829 935 elogiis
837 893 1058 924 commendant.
1095 895 1162 922 Hoc
1171 900 1267 922 tamen
1278 891 1365 922 etiam
1374 890 1500 922 secundo
1510 890 1579 921 loco
1589 891 1696 930 requiri
1707 887 1799 920 fateor
1810 908 1819 922 ‚
1829 900 1859 920 vt
1870 889 1998 919 eundem
2007 888 2106 919 lauda·

383 944 417 966 re
427 944 570 977 cogantur
577 937 732 968 increduli:
742 947 779 969 ne
789 947 891 969 eorum
901 937 1016 979 probris
1026 939 1057 969 δι
1066 935 1275 967 maledicentiae
1284 935 1414 967 obnoxia
1424 934 1456 967 fit
1466 937 1523 966 Dei
1541 932 1667 966 Ecclefia
1675 954 1685 970 ,
1695 932 1713 964 fi
1723 938 1817 976 turpis
1835 932 1917 965 sama
1925 933 2103 965 hominibus

379 988 412 1011 re
435 980 540 1012 endam
548 979 575 1012 se
604 981 675 1012 ermi
679 990 744 1013 teat.

412 989 435 1063 g3
475 1025 524 1056 Cr
538 1035 557 1055 n
569 991 618 1057 cpv
630 1037 649 1057 n
662 1036 680 1057 c
694 1036 706 1056 r
716 1036 737 1056 o
749 1036 760 1056 r
772 1035 790 1056 τ
808 1033 928 1067 propter
936 1024 1081 1065 Iudaeos.)
1091 1021 1205 1056 Diserte
1213 1023 1349 1066 exprimit
1359 1026 1449 1054 Lucas
1459 1034 1518 1055 non
1530 1021 1612 1054 fuiffe
1623 1021 1815 1054 circuncisum
1824 1020 2100 1063 Timotheum,quia

380 1065 496 1100 necesse
506 1067 594 1100 soret.-
603 1071 652 1101 vel
665 1071 733 1111 quia
741 1068 812 1111 signi
822 1069 900 1100 illius
907 1069 1025 1100 duraret
1034 1069 1130 1100 adhuc
1141 1069 1258 1111 religio.-
1269 1068 1316 1100 sed
1330 1079 1359 1100 vt
1368 1068 1474 1100 Paulus
1491 1068 1652 1100 scandalum
1665 1069 1780 1098 vitaret.
1815 1069 1945 1098 Habitus
1960 1077 2032 1109 ergo
2047 1065 2105 1097 fuit

380 1110 536 1144 hominum
546 1112 702 1154 respectus,
713 1114 780 1145 cum
790 1123 835 1143 res
845 1123 943 1145 coram
954 1116 1021 1145 Deo
1030 1113 1125 1145 libera
1134 1111 1300 1155 effet.quare
1310 1112 1491 1144 Circuncifio
1499 1112 1651 1143 Timothei
1662 1123 1721 1142 non
1731 1111 1786 1142 fuit
1796 1112 2104 1152 Sacramentum‚qua-

379 1155 409 1188 le
419 1156 521 1189 datum
530 1155 624 1189 fuerat
633 1158 767 1193 Abrahae,
780 1159 811 1189 δι
823 1158 889 1189 eius
896 1159 1029 1201 posteris:
1039 1157 1087 1189 sed
1097 1159 1265 1190 ceremonia
1276 1157 1373 1189 media
1382 1160 1413 1189 δι
1422 1154 1592 1188 indifferens
1601 1175 1611 1190 ‚
1624 1166 1684 1198 quae
1693 1155 1805 1187 tantum
1819 1156 1855 1186 ad
1866 1153 2023 1188 fouendam
2033 1157 2104 1186 cha-

382 1201 510 1235 ritatem,
520 1211 580 1232 non
588 1201 623 1232 ad
634 1203 750 1242 pietatis
759 1202 930 1234 exercitium
941 1202 1069 1235 valebat.
1093 1205 1154 1234 Iam
1164 1204 1350 1244 quaeritur,an
1360 1201 1452 1232 Paulo
1462 1201 1625 1242 symbolum
1636 1211 1720 1232 inane
1731 1199 1864 1242 viui-pare
1878 1200 2008 1236 licuerit,
2016 1201 2102 1231 cuius

382 1243 557 1286 significatio
567 1248 598 1278 &
608 1246 654 1278 vis
661 1244 773 1278 abolita
781 1256 851 1278 erat.
861 1247 979 1279 videtur
988 1247 1067 1279 enim
1076 1257 1122 1278 res
1131 1245 1186 1280 effe
1194 1248 1309 1281 lusoria,
1319 1246 1370 1278 vbi
1380 1246 1417 1276 ab
1427 1246 1561 1277 instituto
1569 1247 1626 1276 Dei
1640 1245 1805 1277 dilceditur.
1821 1245 1901 1286 atqui
1913 1243 2102 1276 Circuncifio

383 1289 526 1320 diuinitus
533 1289 647 1321 tantum
658 1292 693 1322 ad
703 1290 809 1321 Christi
820 1290 907 1333 vsque
916 1291 1075 1323 aduentum
1086 1293 1220 1324 mandata
1228 1301 1299 1322 erat.
1307 1292 1352 1322 Ad
1363 1290 1437 1321 hanc
1454 1291 1641 1331 qua-stionem
1659 1288 1821 1332 respondeo
1829 1287 2103 1325 ,Circuncilionem

382 1333 423 1364 ita
432 1331 544 1366 cessasse
555 1334 665 1366 Christi
673 1335 815 1371 aduentu,
824 1344 857 1367 vt
867 1345 963 1368 tamen
973 1335 1037 1368 vsus
1045 1346 1104 1368 non
1113 1336 1205 1367 statim
1216 1335 1300 1378 plane
1311 1335 1440 1366 abolitus
1459 1334 1563 1366 fuerit:
1579 1334 1628 1365 sed
1645 1333 1718 1366 liber
1734 1343 1864 1365 maneret
1873 1353 1883 1368 ,
1891 1333 1987 1364 donec
1997 1333 2104 1364 cianus

381 1375 529 1418 patefasta
537 1379 688 1421 Euangelij
697 1378 762 1411 luce
773 1390 877 1411 omnes
887 1378 1077 1423 agnoscerent
1085 1380 1232 1411 Christum
1241 1379 1297 1411 effe
1307 1379 1396 1410 finem
1407 1380 1503 1422 Legis.
1533 1382 1632 1421 Atque
1650 1377 1698 1411 hic
1705 1387 1764 1410 tres
1772 1379 1877 1421 gradus
1892 1378 2017 1409 notandi
2027 1377 2102 1408 sunt.

382 1423 497 1454 Primus
506 1422 557 1458 est,
567 1422 606 1454 iic
615 1424 772 1466 abrogatas
780 1422 862 1455 fmffe
873 1424 960 1468 Legis
969 1426 1151 1457 ceremonias
1168 1414 1302 1456 exhibito
1317 1424 1434 1455 christo
1443 1445 1453 1460 ,
1465 1433 1495 1455 vt
1506 1434 1604 1466 neque
1612 1423 1736 1465 amphus
1753 1421 1913 1466 spectarent
1928 1422 1964 1452 ad
1974 1422 2031 1453 Dei
2041 1421 2103 1452 cul·

384 1475 450 1498 tum
460 1486 469 1501 ,
479 1477 533 1499 nec
541 1478 641 1499 rerum
649 1467 836 1509 spiritualium
848 1469 944 1511 figutae
953 1469 1115 1505 effent‚nec
1125 1469 1181 1500 vlla
1192 1466 1260 1501 ess'et
1270 1468 1370 1501 vrendi
1381 1468 1539 1500 necessitas.
1563 1468 1714 1500 Secundus
1724 1466 1798 1499 verb
1808 1489 1818 1504 ,
1826 1467 1953 1498 liberum
1964 1463 2045 1497 luisse
2055 1476 2105 1496 ea-

386 1521 451 1543 rum
462 1510 541 1543 vsum
552 1533 561 1548 ,
569 1511 666 1544 donec
675 1512 780 1544 clarius
790 1513 982 1546 innotesceret
991 1514 1143 1556 Euangelij
1155 1515 1273 1545 veritas.
1291 1515 1419 1547 Tertius,
1429 1523 1488 1544 non
1500 1512 1609 1544 licuisse
1619 1512 1756 1544 fidelibus
1765 1523 1812 1543 eas
1822 1512 1961 1546 retinere,
1971 1510 2023 1542 nifi
2033 1520 2104 1553 qua-

387 1564 474 1587 tenus
485 1566 582 1588 earum
597 1556 658 1588 vsus
669 1558 697 1588 in
703 1555 926 1589 aedificationem
933 1558 1053 1592 faceret,
1063 1569 1118 1590 nec
1127 1557 1196 1589 inde
1206 1556 1352 1588 foueretur
1363 1556 1535 1596 superstitio.
1569 1558 1747 1597 Qanquam
1757 1557 1849 1587 libera
1859 1555 1906 1587 illa
1916 1577 1925 1591 ‚
1934 1565 2021 1597 quam
2030 1555 2103 1590 dixi,

385 1600 489 1631 vtendi
498 1598 621 1632 facultas
630 1602 804 1642 exceptione
814 1612 873 1632 non
883 1603 1042 1644 caretzquia
1053 1602 1257 1633 ceremoniart‘t
1264 1600 1372 1631 diuersa
1383 1601 1464 1630 ratio.
1476 1609 1573 1640 neque
1583 1601 1661 1630 enim
1671 1599 1748 1630 code
1756 1598 1939 1630 Circuncisio
1949 1601 2018 1630 loco
2028 1607 2102 1633 erat.

386 1653 449 1685 quo
458 1643 669 1685 sacrificia,quae
677 1645 826 1686 expiandis
833 1645 963 1686 peccatis
970 1646 1104 1677 ordinata
1113 1655 1203 1676 etant.
1237 1645 1338 1680 Quare
1347 1644 1438 1675 Paulo
1447 1644 1647 1675 circuncidere
1655 1643 1846 1675 Timotheum
1853 1643 2102 1674 licuirzvictimam

384 1696 442 1727 pro
451 1697 574 1729 peccato
584 1686 690 1718 offerre
701 1687 741 1719 sas
754 1687 875 1720 minime
883 1687 986 1720 fuisset.
1009 1692 1077 1721 Hoc
1085 1689 1203 1730 quidem
1215 1689 1352 1730 generale
1362 1688 1411 1722 est,
1425 1698 1522 1719 totum
1533 1688 1658 1730 legalem
1667 1688 1778 1718 cultum
1793 1688 1882 1728 (quia
1892 1687 2061 1729 temporalis
2071 1696 2103 1717 e-

384 1732 452 1771 rat)
462 1729 576 1763 cessasse
586 1732 693 1763 Christi
707 1732 849 1768 aduentu,
858 1732 920 1774 qub
928 1733 964 1765 ad
972 1732 1059 1763 fidem
1070 1736 1100 1764 &
1112 1732 1330 1763 conscientiam.
1339 1732 1376 1762 de
1389 1731 1438 1762 vsu
1447 1741 1546 1762 autem
1556 1732 1594 1761 fic
1609 1731 1779 1761 habendum
1789 1731 1828 1761 esl
1839 1752 1848 1765 ‚
1858 1732 1987 1762 medium
1997 1734 2028 1763 δι
2039 1732 2105 1771 pio-

381 1783 448 1806 rum
458 1774 594 1806 libertate
603 1776 736 1806 relictum
747 1774 803 1807 effe
811 1777 848 1806 ad
858 1775 950 1807 breue
957 1784 1091 1817 tempus:
1101 1785 1244 1817 quatenus
1254 1774 1323 1805 fidei
1334 1773 1505 1806 confessioni
1513 1773 1647 1806 aduersus
1657 1785 1717 1805 non
1726 1784 1795 1805 etat.
1829 1773 1967 1805 Notanda
1974 1775 2014 1806 est
2023 1783 2104 1805 tem-

382 1819 465 1859 poris
474 1819 612 1854 breuitas‚
623 1819 659 1849 de
669 1829 724 1859 qua
734 1819 854 1860 loquor,
861 1829 970 1860 nempe
978 1819 1066 1862 vsque
1076 1820 1112 1849 ad
1123 1819 1227 1850 claram
1246 1818 1400 1860 Euangelij
1419 1817 1681 1850 manifestationem
1694 1819 1777 1861 :quia
1786 1818 1875 1851 crasse
1890 1818 2106 1851 hallucinantur

381 1862 436 1892 hac
445 1862 474 1892 in
485 1871 565 1903 parte
573 1861 652 1892 docti
663 1863 780 1904 quidam
789 1862 938 1899 homines,
949 1863 1058 1905 quibus
1067 1863 1185 1895 videtur
1197 1862 1378 1894 circuncisio
1386 1863 1487 1895 locum
1506 1862 1601 1895 adhuc
1618 1863 1728 1895 habete
1745 1863 1822 1905 apud
1833 1863 1947 1895 iudaeos
1957 1875 1964 1894 z
1973 1861 2040 1894 ctlm
2050 1863 2105 1893 do-

383 1915 447 1937 ceat
455 1905 561 1937 Paulus
569 1905 775 1946 superuacuam
786 1905 854 1943 effe,
866 1906 915 1939 vbi
927 1918 979 1949 per
989 1907 1167 1950 Buptismum
1177 1906 1340 1949 consepulti
1348 1907 1444 1940 sumus
1453 1907 1580 1940 Christo.
1588 1907 1708 1940 Rectius
1719 1909 1813 1940 veteri
1821 1907 1983 1950 prouerbio
1992 1907 2106 1938 dicium

382 1949 450 1986 suit,
460 1950 662 1991 Sepeliendam
671 1952 856 1994 Synagogam
865 1962 932 1983 cum
944 1953 1071 1984 honore-
1104 1955 1191 1984 Nunc
1200 1951 1324 1994 superest
1333 1951 1491 1984 dicendum
1502 1971 1512 1987 ,
1522 1961 1666 1994 quatenus
1675 1950 1843 1984 indifferens
1851 1951 1940 1984 fuerit
1950 1952 2107 1984 Circunci·

383 1994 472 2027 fiunis
482 1993 555 2027 vsus.
577 1996 618 2026 Ex
628 1995 895 2028 rationelibertatis
906 1995 935 2027 id
945 1994 1030 2029 facile
1039 1996 1163 2039 patebit.
1208 1997 1289 2035 Qia
1299 1997 1433 2029 nondum
1443 1996 1614 2029 innotuerat
1633 1997 1729 2039 paffim
1745 1997 1890 2030 Gentium
1905 1997 2027 2031 vocatio
2038 1996 2107 2033 ‚Iu-

385 2039 451 2071 daeis
458 2039 587 2070 dandum
597 2049 660 2071 erat
666 2039 778 2081 aliquid
810 2041 994 2084 raerogatiuae.
1004 2041 1101 2073 donec
1110 2052 1183 2083 ergo
1195 2041 1300 2072 melius
1315 2041 1467 2084 cognitum
1478 2040 1547 2072 effer
1554 2062 1564 2077 ‚
1573 2041 1767 2083 adoptionem
1776 2042 1792 2073 ὲ
1801 2052 1909 2085 genere
1925 2041 2048 2078 Abrahae
2067 2039 2107 2072 ad

384 2093 490 2115 omnes
498 2082 666 2126 gentesess'e
673 2051 936 2118 transfugmssicuit
944 2096 998 2127 pro
1014 2096 1045 2118 vt
1054 2084 1338 2121 ferebataedificatio‚
1347 2085 1457 2129 iignum
1467 2085 1650 2117 discretionis
1669 2085 1807 2117 retinere.
1828 2089 1904 2118 Nam
1919 2083 1988 2117 cum
2001 2086 2106 2117 Titum

386 2127 590 2160 circuncidere
597 2127 726 2161 noluerit
733 2129 840 2161 Paulus
848 2128 937 2172 idque
946 2130 1024 2168 εςᾶὲ
1034 2130 1143 2162 fastum
1152 2128 1209 2162 effe
1217 2130 1364 2173 praedicet,
1372 2130 1497 2172 sequitur
1504 2129 1580 2162 hanc
1589 2130 1786 2161 ceremoniam
1798 2140 1858 2161 non
1869 2129 2042 2171 promiscue,
2049 2138 2108 2160 nec

387 2171 449 2204 fine
459 2171 572 2204 delectu
581 2170 663 2205 fuine
670 2173 803 2205 liberam.
836 2176 913 2217 Ergo
921 2173 1073 2217 spectanda
1083 2173 1136 2207 fuit
1144 2174 1298 2207 aedificatio
1307 2196 1318 2212 ,
1325 2176 1358 2207 &
1365 2173 1484 2218 publica
1500 2172 1626 2216 Ecclefiq
1635 2173 1753 2206 vtilitas.
1779 2174 1861 2215 Qia
1868 2175 1972 2206 Titum
1989 2174 2106 2205 circun-

388 2215 488 2248 cidere
499 2227 558 2248 non
567 2226 696 2259 poterat,
704 2217 776 2259 quin
786 2229 887 2260 puram
899 2219 1052 2263 Euangelij
1061 2218 1224 2252 doctrinam
1233 2216 1480 2261 proderetrseque
1489 2228 1651 2261 exponeret
1658 2217 1783 2250 hostium
1791 2219 1957 2255 calumniis,
1965 2218 2106 2250 abstinuit

387 2258 406 2291 ἓι
415 2260 512 2292 libero
522 2261 695 2293 ceremonia
705 2261 765 2296 vsu,
774 2272 863 2304 quem
873 2262 925 2294 fibi
935 2264 965 2295 in
975 2264 1138 2296 Timotheo
1167 2263 1286 2299 amisit,
1297 2262 1362 2297 cum
1373 2263 1502 2296 Ecclefiae
1509 2261 1614 2295 vtilem
1623 2261 1681 2294 effe
1689 2273 1833 2295 cerneret.
1852 2264 1929 2295 Hinc
1937 2262 2023 2296 facile
2037 2273 2104 2304 per-

387 2301 518 2346 spicitur,
524 2304 612 2347 quam
621 2305 768 2337 horrenda
776 2308 805 2337 in
816 2309 925 2350 Papatu
936 2305 1072 2350 grassetur
1081 2319 1137 2340 con
1173 2307 1214 2340 iio
1225 2321 1232 2340 z
1242 2307 1402 2340 Immensus
1410 2308 1469 2340 illic
1478 2307 1518 2339 est
1534 2306 1769 2339 ceremoniarum
1778 2317 1908 2340 aceruus.
1917 2310 2053 2349 quorsum
2061 2305 2106 2344 id,

389 2346 442 2379 nisi
452 2357 484 2380 νε
492 2359 547 2390 pro
554 2358 614 2381 vno
623 2349 735 2381 veteris
741 2352 844 2392 templi
855 2351 926 2383 velo
934 2360 1054 2384 centum
1063 2352 1228 2385 obtendant
1238 2360 1248 2383 .²
1257 2356 1338 2384 Deus
1346 2363 1417 2393 quas
1425 2360 1596 2393 preceperat
1614 2352 1798 2383 ceremonias
1814 2351 1988 2394 abrogauit,
2000 2351 2061 2394 quo
2069 2351 2106 2382 il-

389 2390 508 2424 lustrior
515 2390 641 2435 fulgeret
651 2393 803 2436 Euangelij
811 2395 928 2427 veritas:
937 2394 1074 2426 homines
1082 2406 1173 2427 nouas
1181 2397 1320 2428 inducere
1331 2395 1388 2427 ausi
1397 2395 1472 2427 sunt,
1480 2397 1512 2427 &
1521 2394 1640 2436 quidem
1651 2396 1734 2427 nullo
1751 2395 1864 2429 seruato
1876 2395 1978 2427 modo.
1999 2393 2105 2428 Acces-

390 2435 426 2468 sit
435 2435 542 2468 deinde
551 2447 673 2478 prauum
681 2447 897 2473 commentum,
907 2439 1006 2471 valere
1015 2448 1062 2469 eas
1071 2449 1176 2469 omnes
1187 2441 1221 2470 ad
1232 2440 1343 2472 cultum
1353 2440 1420 2470 Dei.
1431 2440 1551 2470 tandem
1568 2437 1664 2471 secuta
1677 2440 1717 2471 est
1724 2440 1870 2473 diabolica
1880 2440 1977 2472 meriti
1987 2439 2106 2471 fiducia.

391 2483 479 2512 Nunc
489 2479 555 2512 cum
564 2480 630 2513 satis
639 2481 752 2513 constet
759 2481 831 2514 tales
842 2482 1023 2513 ceremonias
1036 2492 1090 2513 nec
1099 2482 1162 2514 vela
1175 2482 1243 2519 eise,
1253 2494 1308 2514 nec
1317 2483 1464 2524 sepulchra
1480 2484 1587 2524 quibus
1598 2485 1707 2526 tegitur
1717 2485 1864 2517 Christus:
1880 2479 1926 2517 se'd
1936 2482 2040 2517 foetida
2050 2495 2107 2526 po·

388 2525 448 2556 tius
458 2525 594 2561 stercora,
602 2525 712 2567 quibus
721 2525 826 2557 obruta
836 2526 876 2558 est
885 2525 998 2568 syncera
1008 2525 1082 2557 fides
1091 2528 1122 2558 δε
1131 2525 1295 2569 religio:qui
1306 2526 1468 2567 promiscue
1478 2527 1585 2559 faciunt
1594 2529 1720 2560 liberum
1730 2541 1829 2561 earum
1839 2528 1931 2565 vsum,
1940 2528 2031 2571 longe
2039 2529 2106 2570 plus

388 2570 473 2610 Papae
482 2579 629 2611 arrogant,
638 2569 724 2610 quam
733 2572 816 2602 Deus
823 2572 893 2613 Legi
902 2570 954 2602 suae
964 2569 1116 2603 concedat.
1140 2572 1186 2603 De
1197 2570 1279 2603 Missa
1290 2573 1321 2602 δι
1330 2570 1471 2603 similibus
1488 2571 1631 2615 spurcitiis
1640 2593 1651 2607 ,
1660 2583 1723 2615 quae
1733 2572 1911 2605 manifestam
1930 2574 1961 2604 in
1969 2572 1997 2604 se
2006 2572 2104 2603 idolo-

388 2611 503 2645 latriam
514 2614 680 2650 continent,
689 2614 787 2646 dicere
796 2615 869 2645 nihil
876 2615 991 2646 attinet.

445 2659 465 2689 S
476 2669 493 2689 c
510 2668 522 2688 r
536 2669 550 2689 ε
564 2669 579 2689 a
595 2669 612 2689 A
625 2670 643 2689 n
657 2670 675 2689 τ
695 2659 755 2690 hoc
762 2669 875 2691 omnes.
883 2664 898 2698 )
910 2662 974 2691 Hoc
982 2657 1065 2691 fuisse
1074 2658 1155 2691 Pauli
1164 2658 1316 2691 consilium
1325 2659 1466 2696 admonet
1475 2664 1570 2693 Lucas
1582 2681 1591 2696 ,
1600 2660 1765 2692 Timotheo
1780 2658 1921 2693 acceffum
1937 2658 2102 2702 patefacere

390 2700 428 2733 ad
435 2701 559 2736 Iudam,
574 2712 611 2734 ne
619 2702 655 2734 ab
666 2713 704 2734 eo
712 2712 849 2745 tanquam
857 2705 894 2734 ab
904 2703 1027 2735 homine
1038 2702 1163 2746 profano
1179 2703 1382 2736 abhorrerent.
1417 2709 1569 2737 Nouerant
1578 2724 1588 2738 2
1607 2706 1703 2747 inquit
1713 2728 1722 2741 ‚
1733 2715 1838 2737 omnes
1853 2716 1962 2748 patrem
1974 2707 2038 2736 eius
2046 2703 2105 2736 effe

389 2748 534 2778 Graecum.
543 2756 615 2790 ergo
623 2746 691 2789 quia
699 2747 777 2779 nulla
786 2757 846 2779 erat
856 2758 979 2780 matrum
990 2748 1116 2790 potestas
1126 2748 1154 2779 in
1162 2747 1285 2783 liberos,
1294 2747 1358 2782 satis
1365 2749 1483 2790 persuafi
1495 2760 1575 2781 erant
1583 2760 1642 2780 non
1651 2748 1734 2781 fuisse
1744 2747 1945 2782 circuncisum.
1969 2746 2028 2782 Hic
2037 2749 2105 2780 obi-

387 2799 434 2823 ter
443 2791 600 2823 obstruent
608 2791 757 2828 tectores,
767 2791 855 2834 quam
865 2791 965 2826 misera
975 2802 1047 2824 tunc
1055 2791 1142 2825 fuerit
1149 2793 1249 2834 populi
1259 2793 1316 2824 Dei
1325 2793 1452 2826 seruitus.
1486 2795 1594 2826 Eunica
1601 2795 1753 2826 Timothei
1766 2805 1858 2826 mater
1868 2804 1902 2826 ex
1911 2794 2050 2827 tenuibus
2058 2804 2104 2825 re·

389 2833 488 2876 liquiis
498 2845 570 2871 erar,
577 2845 650 2877 quas
659 2836 747 2867 iudaei
758 2847 878 2879 quoque
888 2836 941 2878 ipsi
952 2837 1080 2880 prodigii
1089 2837 1158 2869 loco
1168 2837 1317 2870 habebant
1328 2850 1334 2868 z
1344 2840 1376 2870 &
1385 2849 1480 2870 tamen
1490 2838 1603 2870 homini
1620 2839 1774 2870 incredulo
1790 2839 1819 2870 in
1839 2840 2009 2883 coniugium
2026 2837 2103 2871 data.

389 2877 501 2911 liberos
510 2879 574 2910 suos
582 2882 651 2911 Deo
659 2879 765 2912 sacrare
774 2884 834 2912 no‘n
843 2881 986 2912 audebat:
998 2880 1096 2913 saltem
1107 2881 1204 2915 veinis
1213 2892 1361 2914 externum
1372 2883 1468 2925 gratiae
1478 2882 1643 2924 symbolum
1662 2883 1752 2914 daret.
1761 2893 1815 2913 nec
1830 2894 1927 2915 tamen
1947 2891 2102 2924 propterea

391 2921 500 2954 destitit
510 2923 602 2956 filium
611 2924 692 2956 suum
700 2924 816 2966 apuero
826 2924 919 2958 sancte
927 2927 956 2956 in
965 2926 1023 2957 Dei
1034 2926 1143 2958 timore
1153 2947 1162 2962 ,
1172 2924 1302 2967 veroque
1312 2927 1391 2958 cultu
1402 2927 1562 2959 instituere.
1593 2927 1763 2969 Exemplum
1771 2927 1836 2959 sane
1845 2927 1978 2960 foeminis
1986 2927 2104 2957 imitan-

390 2966 544 3008 dum2quas
553 2968 707 3010 tyrannico
715 2970 839 3011 imperio
848 2970 1000 3002 deterrent
1012 2969 1121 3007 mariti,
1131 2981 1168 3004 ne
1177 2970 1285 3003 liberos
1294 2969 1470 3003 &familiam
1482 2971 1555 3004 caste
1564 2972 1595 3003 in
1605 2982 1672 3004 vera
1683 2972 1791 3014 pietate
1802 2971 2102 3004 contineant.Graecus

388 3009 439 3041 hic
446 3021 500 3052 pro
508 3012 696 3053 gentili,trito
705 3014 856 3056 Scriptura:
865 3024 948 3046 more
955 3014 1086 3046 sumitur.
1621 3049 1623 3052 Α
1804 3018 1811 3025 ’

435 3067 454 3091 4
486 3055 511 3084 T
523 3066 540 3085 a
553 3067 569 3086 Α
585 3068 605 3088 ο
619 3068 635 3088 ι
648 3068 663 3087 a
678 3069 694 3087 A
706 3068 725 3087 n
737 3070 755 3088 τ
777 3057 915 3091 seruanda
927 3058 1069 3101 placita.)
1094 3057 1147 3089 His
1158 3058 1255 3091 verbis
1265 3056 1406 3100 significat
1425 3062 1516 3090 Lucas
1526 3058 1630 3102 ‚quam
1640 3058 1867 3101 studiosuspaeis
1880 3057 1969 3090 fuerit
1986 3059 2102 3092 Paulus.

387 3099 546 3140 Optimum
554 3109 624 3131 tunc
633 3099 767 3133 fouendae
776 3103 852 3134 inter
861 3102 995 3135 ecclefias
1004 3103 1170 3134 concordiae
1178 3103 1325 3135 vinculum
1345 3113 1405 3134 erat
1414 3125 1423 3139 ‚
1433 3102 1543 3134 seruare
1560 3103 1641 3146 quod
1652 3114 1703 3145 per
1718 3104 1874 3146 Apostolos
1889 3100 1982 3134 fuerat
1999 3101 2104 3137 transa-

387 3143 476 3174 Ctum.
489 3142 519 3174 in
531 3153 569 3174 eo
579 3142 646 3176 cum
659 3143 784 3187 diligens
792 3146 833 3179 est
843 3147 961 3183 Paulus,
969 3147 1049 3178 bona
1059 3146 1117 3178 fide
1127 3158 1212 3180 cauet
1224 3158 1275 3182 ,ne
1284 3146 1355 3188 quid
1364 3149 1471 3178 oriatur
1481 3149 1572 3178 turbae
1583 3148 1627 3179 sua
1638 3148 1733 3189 culpa.
1760 3147 1986 3178 Meminerimus
2001 3157 2116 3192 autem*

385 3188 418 3219 id
427 3185 511 3219 fuisse
520 3187 692 3227 temporale:
702 3189 768 3230 quia
777 3191 828 3222 vbi
837 3191 916 3224 videt
926 3189 1031 3223 cessare
1038 3191 1161 3223 scandali
1172 3191 1344 3232 periculum,
1355 3193 1470 3232 penitus
1479 3191 1611 3222 ecclefias
1619 3200 1772 3226 exonerat,
1781 3194 1813 3222 &
1821 3190 1990 3232 posthabito
1999 3193 2102 3224 decre·

388 3242 436 3267 to,
446 3231 572 3263 liberum
582 3229 661 3267 facit,
672 3232 752 3273 quod
761 3233 823 3265 illic
831 3245 983 3267 vetuerant
992 3235 1135 3276 Apostoli.
1159 3239 1265 3278 Neque
1273 3246 1370 3267 tamen
1388 3246 1421 3266 ea
1434 3236 1626 3278 abrogatione
1642 3235 1722 3278 quod
1740 3235 1896 3267 statuerant
1914 3235 2047 3276 Apostoli
2057 3246 2102 3266 re·

392 3274 495 3307 scindit
503 3285 536 3307 ac
544 3275 635 3307 violat
643 3298 654 3312 ‚
663 3275 710 3307 vel
720 3280 886 3310 contemnit
895 3279 970 3321 ipsos
978 3280 1129 3314 authores,
1138 3281 1207 3321 quia
1218 3278 1338 3311 minime
1347 3278 1405 3309 illis
1413 3279 1563 3311 confilium
1575 3278 1666 3311 fuerat
1677 3301 1687 3315 ‚
1695 3278 1803 3310 sancire
1811 3289 1982 3321 perpetuam
1991 3280 2101 3322 legem:

392 3316 440 3349 sed
452 3318 562 3350 tanttlm
573 3319 701 3362 mitigare
709 3321 744 3352 ad
756 3321 846 3353 breue
857 3333 974 3365 tempus
985 3323 1065 3365 quod
1077 3323 1204 3355 infirmas
1213 3323 1401 3356 conscientias
1410 3323 1510 3354 laedere
1521 3323 1896 3366 poteratzquemadmodum
1908 3323 2045 3364 superiori
2055 3335 2103 3355 ca·

391 3362 453 3410 pire
461 3360 548 3410 fusius
556 3361 680 3395 differui:
688 3375 750 3406 quo
761 3364 824 3396 satis
833 3369 961 3407 arguitur
971 3367 1147 3409 Papistatum
1159 3368 1290 3405 stultitia,
1299 3369 1369 3400 dum
1383 3369 1509 3409 grauiter
1520 3378 1574 3398 nos
1582 3367 1713 3400 accusant
1730 3368 1808 3408 quod
1818 3368 1909 3399 Paulo
1918 3366 2004 3398 simus
2013 3363 2113 3412 long}

389 3404 615 3447 diffimiles.quia
625 3410 848 3451 contemptis‚vt
860 3410 1164 3452 loquuntur‚Ecclefiae
1174 3409 1374 3449 decretis‚solo
1383 3412 1439 3442 Dei
1452 3413 1545 3442 verbo
1557 3413 1617 3455 regi
1627 3411 1726 3443 volum
1733 3421 1764 3442 us
1772 3413 1888 3454 piorum
1899 3410 2101 3446 conscientias,

385 3459 446 3480 non
456 3459 552 3480 autem
562 3449 662 3482 subiici
673 3453 793 3484 arbitrio
804 3453 969 3485 hominum.
1004 3457 1060 3487 Sed
1069 3457 1315 3497 quemadmodum
1328 3458 1383 3487 iam
1402 3455 1459 3486 dixi
1470 3477 1479 3491 ,
1490 3456 1562 3486 nihil
1583 3455 1678 3486 minus
1693 3456 1787 3486 Paulo
1808 3457 1889 3487 venit
1907 3456 1935 3486 in
1956 3467 2100 3491 mentem,
2137 3463 2140 3465 ’

384 3493 471 3535 quam
480 3493 793 3538 neceffitatislaqueum
804 3496 989 3532 conscientiis
998 3499 1132 3533 iniicere.
1143 3511 1204 3533 non
1213 3502 1292 3533 enim
1303 3501 1318 3532 a
1328 3500 1355 3532 se
1365 3499 1425 3543 ipso
1436 3498 1575 3537 dissentit,
1585 3498 1652 3532 cum
1661 3499 1732 3532 alibi
1744 3500 1858 3535 clamat,
1869 3500 1982 3532 Omnia
1992 3499 2099 3576 mundq:

584 3555 588 3558 ·
1981 3553 2052 3581 mun
