2310 3841
740 189 1106 237 SECXCNDVM
1146 192 1528 240 IOHANNEM.

247 258 406 310 Iohannis
415 257 637 306 Baptismurna
652 260 763 296 nostro
773 252 931 296 diuersam
951 260 1011 296 elle
1019 274 1079 308 pu-

247 319 473 356 tarunt.neque
484 309 636 344 enimhic
647 309 809 344 lohannes
817 310 859 344 de
867 309 1018 354 Bai-[tisim
1031 311 1076 343 sui

245 357 382 392 vtilitate
393 362 423 392 &
438 354 488 390 vsu
500 356 647 403 disputat,
658 357 707 393 sed
719 358 842 393 tantum
862 369 933 391 cum
954 358 1075 393 Christi

244 405 378 451 persona
387 403 471 440 suam
482 405 618 441 confert.
639 405 924 452 Qemadmodum
943 405 1042 441 hodie
1054 408 1074 442 fi

243 465 399 500 quaeratur
410 465 477 500 quae
487 452 547 487 sint
558 455 671 490 nostrae
681 460 712 490 &
725 453 849 488 Christi
858 465 961 500 partes
971 455 1003 488 in
1013 457 1074 489 Ba-

243 502 371 548 ptismo,
380 500 470 536 fateri
483 514 611 548 oportet
621 503 786 538 Christum
805 502 907 536 solum
932 515 1073 548 praeitare

243 551 330 597 quod
340 549 516 595 Baptismus
525 552 649 597 figurat,
663 564 722 586 nos
732 561 842 597 praeter
855 550 971 584 nudam
993 551 1073 598 ligni

241 597 507 643 dispensationem
520 601 599 633 nihil
613 599 741 634 habere.
749 599 879 645 Duplex
890 598 977 633 estin
990 602 1072 635 Scri-

239 658 332 692 ptura
342 648 380 680 de
397 646 596 682 sacramentis
607 648 763 694 loquendi
783 649 907 682 modus.
932 660 1004 682 nam
1015 649 1072 682 ali-

239 693 315 728 cubi
332 695 426 730 docet
446 697 603 730 lauatrum
622 696 682 730 css'e
700 696 954 743 regenerationis
970 719 980 734 ‚
1005 698 1072 731 illic

237 742 325 778 ablui
337 754 476 789 peccata,
488 758 548 778 nos
558 742 652 778 inseri
670 744 702 777 in
714 743 836 780 Christi
851 757 985 790 corpus,
999 757 1071 779 cru·

238 790 328 837 cifigi
358 804 501 826 veterem
524 791 666 826 nostrum
678 791 850 826 homiuem
861 815 872 831 ,
883 805 944 827 nos
955 793 987 826 in
999 793 1070 826 vitae

235 841 418 874 nouitatem
429 840 600 886 resurgere.
639 844 687 873 Ac
705 851 780 874 tunc
798 841 930 887 quidem
948 840 1071 874 Christi

234 900 387 923 virtutem
397 888 541 922 hominis
551 887 729 922 ministerio
739 889 909 933 coniungit
923 899 975 922 :vt
986 888 1072 922 certe

237 936 320 970 nihil
333 937 416 971 aliud
429 935 471 970 est
501 933 645 969 minister
673 935 769 983 quam
795 934 918 970 Christi
947 944 1070 969 manus.

237 987 347 1031 Qare
364 984 522 1017 eiusmodi
546 984 755 1030 loquutiones
774 995 840 1018 non
867 984 944 1030 quid
964 995 1019 1028 per
1039 984 1069 1018 se

236 1030 381 1067 conferat
401 1031 524 1070 homo,
554 1030 605 1067 sed
623 1032 699 1079 quid
718 1044 772 1077 per
795 1031 965 1066 hominem
984 1037 1015 1066 ἅς
1035 1032 1070 1066 si-

237 1093 361 1128 gnum,
380 1093 530 1126 tanquam
553 1079 602 1114 sua
628 1093 747 1129 organa
777 1080 894 1114 efficiat
913 1080 1070 1120 Christus,

236 1128 420 1163 ostendunt.
458 1128 583 1164 Verum
603 1129 675 1176 quia
696 1129 849 1174 proclzuis
859 1128 945 1163 estin
964 1127 1071 1174 suf-er-

235 1176 401 1211 stitionem
421 1177 540 1222 lapsus,
561 1178 676 1212 deinde
693 1177 844 1212 homines
854 1189 913 1223 pro
925 1177 1071 1224 ingenita

234 1224 292 1258 fibi
313 1224 457 1272 superbia
477 1237 622 1272 ereptum
643 1228 719 1260 Deo
740 1226 902 1260 honorem
921 1224 999 1260 adse
1017 1238 1064 1259 ra*

232 1275 424 1319 piuut,ideo
434 1275 615 1320 Scriptura,
642 1274 869 1320 vtsacrilegam
889 1273 968 1308 hanc
981 1274 1067 1308 inso-

233 1322 366 1356 lentiam
380 1322 580 1369 compescat,
600 1322 763 1356 ministros
775 1322 927 1369 invertisti
936 1321 1068 1356 Christo

236 1370 435 1408 dilcernit,vt
446 1371 507 1405 hoc
519 1373 607 1405 loco:
617 1382 650 1404 vt
662 1371 794 1423 sciamus
808 1371 890 1404 nihil
904 1371 1070 1405 ministros

237 1418 298 1454 effe
316 1420 367 1453 vel
380 1418 474 1464 polle.
493 1419 630 1454 Medius
651 1423 730 1453 mter²
740 1431 800 1452 vos.
824 1420 947 1453 Eorum
959 1418 1070 1454 socor-

234 1468 319 1503 diam
331 1467 464 1515 oblique
475 1467 656 1513 perstringit
668 1489 677 1504 ,
697 1468 784 1514 quod
796 1467 962 1501 Christum
974 1469 1071 1514 igno-

232 1527 305 1550 rent
316 1539 326 1553 ,
345 1517 381 1549 ad
393 1527 489 1561 quem
509 1516 646 1549 maxime
656 1515 783 1548 animos
792 1516 956 1549 aduertere
968 1515 1068 1550 debe-

235 1564 362 1597 bant.ac
373 1562 494 1608 semper
506 1562 689 1597 hocsedulb
702 1563 848 1601 inculcat,
861 1564 942 1596 nihil
953 1564 994 1597 de
1012 1562 1066 1596 suo

237 1610 418 1645 ministerio
436 1608 524 1656 poffe
542 1609 695 1658 cognosci
717 1611 821 1644 donec
843 1612 880 1646 ad
898 1611 1067 1646 authorem

235 1658 339 1706 ipsum
351 1670 482 1694 ventum
497 1656 604 1693 fuerit.
630 1658 724 1694 Dicit
733 1657 996 1695 Christumintei·
1013 1672 1070 1694 eos

1952 218 1982 260 ¹5

1128 262 1272 297 medium
1285 261 1384 301 stare,
1403 276 1436 298 vt
1446 265 1486 298 ad
1506 277 1577 299 eum
1588 265 1851 314 cognoscendum
1862 267 1961 307 studia

1126 313 1253 344 excitet.
1292 313 1421 345 Summa
1430 324 1534 347 autem
1546 313 1605 348 huc
1620 318 1722 354 redit,
1740 328 1773 350 vt
1783 315 1812 351 se
1831 318 1961 354 deiiciat

1126 370 1281 405 quantum
1298 359 1370 394 fieri
1391 362 1494 406 potest
1506 384 1515 399 ‚
1528 375 1566 396 ne
1579 375 1637 408 qua
1650 366 1680 398 in
1692 376 1779 410 parte
1790 364 1898 399 honor
1909 367 1958 401 illi

1123 419 1289 454 perperam
1307 407 1428 442 delatus
1438 410 1559 444 Christi
1575 410 1783 456 praestantiam
1795 413 1956 450 obscuret.

1123 455 1297 490 Probabile
1315 457 1476 492 autemest
1488 458 1543 492 has
1561 460 1607 491 illi
1625 458 1795 496 sententias
1805 460 1958 510 frequen-

1124 515 1172 539 tes
1181 502 1271 539 fuifl‘e
1280 505 1314 539 iu
1323 518 1494 555 ore‚quum
1517 508 1641 541 videret
1651 508 1680 541 se
1696 509 1873 547 immodice
1881 522 1956 559 per-

1123 552 1402 588 uerlishominum
1414 555 1541 589 iudiciis
1553 557 1677 590 extolli.

1171 612 1212 646 27
1250 602 1380 649 Qmpost
1389 615 1436 636 me
1445 607 1681 642 veniens.)l)uo
1697 605 1749 640 hic
1763 605 1957 646 dicit‚Chri-

1121 647 1202 683 stum
1214 650 1230 683 ὲ
1241 649 1269 683 se
1279 661 1427 696 ternpore
1445 652 1576 699 quidem
1587 651 1756 688 secundum
1767 677 1777 693 ‚
1796 653 1847 690 sed
1857 657 1956 701 gradu

1108 697 1292 743 ‚dignitatis
1312 699 1412 746 longe
1424 701 1566 744 priorem
1578 699 1637 736 esse
1647 715 1658 735 .·
1676 703 1751 750 quia
1761 705 1852 738 Pater
1863 705 1957 740 illurn

1121 745 1276 780 omnibus
1287 747 1468 792 praetulerit.
1506 750 1657 785 Tertium
1669 753 1762 797 paulo
1771 752 1843 798 post
1852 753 1958 792 addet,

1120 793 1291 845 Christum
1311 795 1386 829 ideo
1406 797 1476 831 aliis
1495 798 1649 832 omnibus
1675 799 1875 847 praepositum
1894 801 1956 836 effe

1122 851 1196 886 quia
1209 842 1276 875 iure
1289 843 1372 877 alios
1381 855 1496 879 omnes
1505 847 1680 881 antecellit.

1163 889 1202 921 28
1240 891 1316 923 Haec
1326 903 1357 924 m
1368 892 1566 933 Bethabara.)
1579 896 1658 930 Loci
1668 896 1795 930 notatio
1805 908 1873 931 non
1883 906 1955 932 tan-

1120 945 1189 970 tum
1202 937 1239 970 acl
1249 937 1314 972 fide
1323 938 1462 975 historiae
1473 940 1656 987 spectans&
1666 948 1762 978 etiam
1775 957 1808 978 vr
1821 944 1954 980 sciamus

1120 987 1154 1017 in
1164 984 1282 1019 celebri
1294 985 1469 1022 hominum
1488 1002 1651 1024 conuentu
1671 992 1778 1025 datum
1790 991 1879 1026 fuisse
1889 993 1955 1028 hoc

1119 1032 1316 1078 responsum.
1327 1036 1424 1071 Multi
1436 1037 1523 1072 enim
1534 1038 1572 1073 ad
1592 1037 1748 1074 Iohannis
1757 1041 1954 1086 Baptismum

1121 1080 1338 1118 confluebant:
1351 1083 1404 1118 hic
1413 1090 1486 1120 aute
1495 1086 1674 1122 ordinarius
1683 1088 1730 1121 illi
1741 1089 1778 1122 ad
1788 1089 1954 1136 baptizan-

1119 1128 1196 1163 dum
1206 1131 1296 1166 locus
1308 1143 1384 1166 erat.
1401 1134 1440 1168 Et
1453 1137 1540 1180 putat
1550 1134 1639 1170 fuiffc
1653 1137 1797 1171 iordanis
1808 1139 1953 1173 traiec'ti'i:

1120 1178 1204 1213 vnde
1215 1184 1246 1213 &
1258 1192 1379 1215 nomen
1391 1182 1619 1218 deducsitmam
1633 1185 1884 1232 interpretantur
1894 1187 1956 1221 do-

1120 1238 1209 1260 mum
1220 1227 1376 1264 transitus.
1402 1230 1475 1265 Nili
1491 1229 1576 1266 forte
1589 1245 1702 1268 eornm
1723 1235 1839 1280 opinio
1852 1235 1955 1283 magis

1118 1274 1260 1327 placeat,
1285 1278 1339 1324 qui
1360 1278 1399 1313 ad
1410 1280 1657 1315 memorabilem
1667 1283 1778 1328 populi
1789 1283 1953 1318 tranlitum

1119 1322 1182 1356 hoc
1192 1325 1547 1372 relerunssquumDeus
1556 1341 1611 1374 per
1622 1332 1744 1364 medias
1761 1344 1857 1379 aquas
1867 1333 1951 1367 viam
1964 1331 2028 1363 “fi'‘
2038 1341 2046 1363 3
2058 1342 2106 1363 ‘⁴³-

1118 1370 1174 1404 sub
1184 1370 1274 1406 Iosua
1287 1373 1446 1419 patefecit.
1457 1376 1522 1421 Alij
1533 1377 1672 1425 legendt'i
1683 1390 1791 1424 potius
1802 1381 1928 1416 iudicari
1939 1392 1951 1416 t

1082 1448 1091 1458 ,
1118 1420 1307 1456 Betharaba.
1326 1423 1488 1459 Bethaniae
1498 1430 1598 1460 nome*
1608 1425 1718 1462 inscite
1732 1426 1784 1462 hic
1794 1427 1811 1463 Ξι
1820 1429 1954 1476 quibus-

1118 1467 1190 1501 dam
1209 1468 1348 1514 positum
1368 1469 1445 1505 fuit:
1462 1484 1535 1507 nam
1548 1473 1655 1519 postea
1666 1474 1848 1510 videbimus
1858 1478 1954 1524 quam

1118 1516 1223 1550 vicina
1232 1517 1466 1565 Hierosolymae
1475 1519 1570 1555 fnerit
1581 1523 1746 1557 Bethania.
1768 1524 1953 1561 Bethabara:

1116 1574 1222 1598 autem
1235 1564 1318 1604 litus,
1328 1579 1424 1614 quem
1437 1571 1631 1616 topographi
1647 1571 1848 1613 describunt,
1867 1576 1955 1621 opti-

1118 1613 1170 1645 me
1180 1625 1252 1646 cum
1263 1614 1472 1662 Euangelistae
1483 1618 1591 1652 verbis
1601 1620 1954 1671 conuenit.quanquam

1118 1659 1158 1694 de
1167 1662 1261 1696 vocis
1272 1665 1542 1708 pronuntiatione
1553 1674 1620 1702 n‘on
1634 1671 1812 1704 contendo.

293 1767 341 1800 29
384 1756 546 1808 Postridie
558 1755 659 1796 videt
669 1754 840 1796 Iohannes
851 1753 956 1811 [estem
967 1758 1167 1796 venientem
1175 1757 1224 1796 ad
1220 1754 1314 1812 βά*
1324 1759 1417 1808 dicit,
1422 1770 1500 1802 Ecce
1509 1769 1630 1820 Agnus
1642 1768 1710 1805 Dei
1720 1769 1780 1821 qui
1789 1768 1877 1807 tollit
1882 1778 1959 1822 pec-

242 1823 353 1850 catum
361 1827 443 1850 mun
448 1814 495 1851 di.

282 1882 324 1918 30
370 1869 436 1907 Hic
453 1868 497 1920 est
504 1868 546 1906 de
556 1883 622 1922 quo
632 1868 721 1916 dixi,
727 1869 857 1923 Postme
868 1870 971 1907 venit
979 1868 1039 1906 vir
1048 1870 1110 1921 qui
1117 1869 1393 1927 mihipraepositus
1401 1875 1462 1929 est:
1474 1878 1555 1929 quia
1564 1877 1781 1918 excellentior
1788 1894 1844 1918 me
1855 1889 1942 1919 erat.

287 1937 318 1974 3¹
358 1931 402 1962 Et
410 1937 486 1980 ergo
496 1939 565 1962 non
575 1925 702 1963 nouere?
711 1923 859 1975 eum-fid
864 1936 907 1962 w
917 1922 1185 1976 manifhstaretur
1193 1926 1494 1985 Istaeligprvpzerea
1504 1945 1561 1985 ego
1571 1935 1658 1970 veni
1666 1949 1755 1986 aqua
1762 1933 1954 1988 baptizans,

292 1993 330 2030 32.
361 1987 404 2018 Et
415 1981 603 2031 testificata
612 1979 658 2030 est
663 1983 678 2016 I
682 1978 972 2027 ohannes,dtcens,
977 1987 1003 2017 E
999 1994 1045 2034 go
1053 1986 1208 2036 conspexi
1217 1986 1380 2039 Spiritum
1393 1987 1648 2040 descendentem
1657 1990 1763 2043 instar
1770 1987 1926 2029 columbae
1935 1988 1954 2027 ὲ

239 2036 365 2082 caeloffl'·
381 2035 502 2090 mansit
501 2033 603 2090 fieper
611 2049 697 2074 eum.

290 2105 323 2142 33
365 2097 411 2130 Et
418 2105 476 2147 ego
487 2106 558 2130 non
569 2105 729 2130 noueram
739 2088 885 2145 eum-fed
893 2093 950 2144 qui
959 2104 1012 2129 me
1021 2090 1109 2145 mtfie
1121 2093 1172 2131 ad
1179 2092 1428 2147 baptizandum
1440 2110 1539 2149 aqua,
1549 2098 1605 2136 ille
1616 2098 1703 2138 mihi
1712 2100 1805 2141 dixit
1818 2133 1829 2151 ,
1848 2108 1954 2156 Super

238 2161 341 2200 quem
350 2148 483 2189 videris
493 2151 654 2204 Spiritum
664 2145 915 2205 descendentem
925 2175 936 2193 ,
958 2148 995 2194 dy
1007 2160 1198 2188 manentem
1207 2148 1309 2206 fhper
1317 2164 1407 2201 eum,
1419 2151 1474 2193 hic
1482 2154 1528 2208 est
1536 2156 1594 2210 qui
1603 2153 1758 2213 baptizat
1770 2162 1807 2198 in
1820 2161 1950 2214 Spiritu

223 2204 359 2256 sanbi‘o.

269 2272 276 2279 ‘
287 2274 332 2311 34
381 2268 450 2316 Ego
459 2262 573 2315 itaque
583 2259 717 2306 vidi&
729 2257 995 2320 testt‘jfcatmfiqtn
1004 2254 1098 2312 qubd
1109 2259 1166 2299 hic
1176 2262 1222 2313 est
1230 2262 1339 2302 Filius
1347 2265 1426 2304 Dei.

287 2329 328 2358 29
364 2315 531 2357 Postridie.)
569 2315 651 2349 Non
678 2313 813 2349 dubium
832 2314 878 2349 est
906 2325 984 2361 quin
1006 2316 1068 2348 iam

236 2364 325 2412 prius
335 2364 376 2398 de
386 2364 506 2400 Messiae
519 2362 720 2398 exhibitione
736 2363 833 2398 verba
842 2360 1068 2414 Ἑεείίῖὶτᾼοειι]τ

239 2425 296 2447 nes
306 2426 314 2446 ε
324 2413 374 2446 sed
385 2425 484 2459 quum
496 2410 678 2447 exortussest
689 2410 850 2449 Christus,
862 2411 965 2444 voluit
975 2409 1067 2444 breui

238 2472 387 2506 tempore
403 2460 605 2495 innotescere
624 2460 710 2494 illius
729 2458 925 2505 praeconium
936 2471 947 2491 -:
958 2461 991 2492 &
1005 2459 1067 2491 iam

235 2509 369 2544 instabat
380 2520 508 2555 tempus
525 2521 590 2554 quo
602 2507 748 2542 Christus
765 2505 958 2542 finemillius
966 2505 1065 2539 mini-

235 2557 334 2593 sterio
354 2556 508 2591 adferret:
527 2556 804 2603 quemadmodum
815 2554 880 2589 sole
891 2564 1004 2589 exorto
1014 2567 1068 2589 au-

235 2619 308 2640 rora
318 2601 424 2639 ffibito
439 2604 607 2640 euanescit.
631 2600 721 2652 Ergo
732 2615 831 2651 quum
844 2601 1069 2656 Sacerdotibus

237 2655 352 2702 legatis
369 2653 499 2689 testatus
508 2651 691 2688 effetadeffe
702 2652 765 2686 iam
784 2656 815 2687 &
827 2650 943 2686 versari
956 2651 989 2684 in
1001 2657 1069 2689 mes-

235 2705 291 2738 dio
302 2703 413 2749 populi
424 2703 441 2736 Ξι
451 2715 518 2750 qno
530 2699 684 2748 Baprismi
695 2701 810 2735 veritas
822 2703 854 2734 &
864 2699 965 2733 virtus
977 2691 1069 2744 pete-

234 2753 276 2788 ἀει
285 2749 527 2796 effet,postridie
537 2762 611 2784 eum
622 2749 724 2794 palam
735 2746 886 2783 ostendit.
895 2749 969 2794 Hec
980 2746 1068 2788 enim

233 2801 300 2835 duo
311 2798 463 2834 continua
476 2797 634 2842 temporis
644 2795 723 2830 serie
741 2795 912 2830 coniunffl
921 2817 932 2835 ,
949 2795 1020 2842 plus
1029 2795 1068 2829 ad

233 2848 418 2884 monendos
435 2846 562 2882 animos
575 2845 692 2879 valent.
713 2846 793 2879 Haec
803 2844 914 2878 eadem
931 2844 1013 2878 ratio
1024 2842 1069 2877 est

237 2909 293 2932 cur
303 2896 452 2932 Christus
463 2893 492 2927 se
506 2894 538 2927 in
550 2893 618 2927 eius
627 2890 833 2937 conspefium
843 2889 967 2927 offerat.
991 2893 1070 2927 ecce

237 2947 347 2992 Agnus
359 2946 432 2979 Dei.
455 2942 652 2987 Praecipuum
663 2939 785 2975 Christi
795 2938 940 2975 officium
960 2940 1069 2974 breui·

241 3003 289 3026 ter
301 2993 433 3041 quidem
443 3014 454 3030 ‚
472 2989 522 3025 sed
532 2989 671 3025 dilucide
681 2988 831 3034 exponit,
852 2988 942 3034 quod
951 2988 1070 3024 scilicet

241 3051 367 3085 peccata
377 3039 488 3076 mundi
504 3039 617 3073 mortis
628 3035 684 3072 suae
695 3035 850 3071 sacrificio
866 3037 994 3076 tollens,
1007 3036 1071 3070 ho-

246 3087 349 3122 mines
358 3090 435 3124 Deo
447 3087 647 3123 reconciliet.
676 3085 748 3118 Alia
770 3085 902 3130 quidem
913 3084 1071 3119 beneficia

245 3133 341 3169 nobis
351 3133 476 3171 confert
485 3134 642 3172 Christus.
656 3131 705 3167 sed
717 3131 780 3166 hoc
789 3131 950 3167 summum
961 3155 972 3171 ‚
991 3137 1021 3168 δι
1035 3145 1073 3167 ex

243 3194 312 3226 quo
322 3182 440 3230 reliqua
449 3183 650 3231 dependent,
661 3182 750 3229 quod
760 3179 838 3214 iram
851 3181 916 3215 Dei
927 3180 1073 3226 placido,

245 3228 320 3264 facit
328 3240 361 3264 vt
370 3231 440 3271 iusti
452 3236 482 3268 δι
491 3233 561 3278 puri
575 3229 816 3267 censeamur&
826 3227 889 3274 hoc
899 3228 986 3263 enim
998 3227 1073 3263 fon-

247 3288 279 3312 te
290 3276 451 3322 prossuunt
468 3293 585 3314 omnes
602 3279 766 3314 bonorum
776 3276 856 3314 riui,
876 3276 965 3324 quod
982 3278 1072 3311 Deus

247 3335 373 3372 peccata
393 3338 457 3360 non
478 3328 666 3373 imputando
677 3327 707 3359 in
726 3325 857 3371 gratiam
876 3338 936 3359 nos
947 3325 1070 3369 recipit.

247 3375 327 3408 Ideo
349 3373 505 3408 lohannes
525 3387 558 3409 vt
574 3389 636 3409 nos
646 3375 683 3409 ad
700 3372 863 3409 Christum
881 3374 1032 3408 adducat,
1054 3372 1072 3406 ἶι

249 3422 396 3470 gratuita,
407 3433 501 3466 quam
513 3433 567 3466 per
577 3422 677 3468 ipsum
688 3420 914 3468 consequimur
923 3430 1070 3466 peccato-

250 3483 321 3503 rum
341 3469 432 3502 venia
451 3469 615 3505 exordium
635 3470 720 3504 facit.
745 3471 847 3505 Porro
857 3469 887 3502 in
899 3482 979 3503 voce
989 3469 1072 3512 Agni

251 3519 292 3555 ad
310 3516 521 3564 veteraLegis
534 3514 683 3553 sacrificia
700 3517 820 3554 alludit.
855 3517 986 3552 Eratilli
998 3528 1070 3550 cum

1118 2316 1230 2351 Iudaeis
1239 2319 1421 2369 nogotium,
1433 2317 1487 2365 qui
1496 2315 1659 2356 sacrificiis
1670 2321 1790 2362 assucti,
1805 2324 1896 2360 aliter
1909 2325 1949 2360 de

1115 2375 1322 2409 peccatorum
1351 2367 1534 2413 expiatione
1565 2371 1676 2405 doceri
1705 2384 1773 2406 non
1798 2384 1947 2418 poterant

1115 2412 1210 2459 quam
1221 2413 1388 2460 proposito
1399 2415 1432 2449 in
1443 2415 1586 2453 medium
1596 2417 1760 2454 sacrificio.
1772 2423 1882 2467 Qum
1892 2434 1949 2456 au-

1119 2471 1186 2494 tem
1205 2461 1297 2496 variae
1314 2460 1433 2498 fuerint
1443 2462 1581 2511 species,
1599 2467 1721 2502 vnah'ic
1731 2480 1784 2514 per
1795 2469 1948 2515 synecdo-

1117 2507 1199 2543 chen
1210 2510 1352 2555 ponitur.
1371 2516 1404 2548 &
1418 2512 1588 2558 probabile
1605 2514 1650 2549 est
1660 2516 1805 2550 Iohanne
1814 2519 1852 2551 ad
1863 2519 1948 2563 agni}

1117 2555 1298 2593 paschalem
1310 2558 1482 2606 respexiffe.
1526 2565 1565 2596 In
1574 2562 1693 2598 summa
1702 2565 1877 2599 notandum
1889 2564 1948 2603 est,

1117 2605 1297 2640 Iohannem
1308 2607 1366 2643 hac
1375 2609 1569 2655 loquutione
1580 2611 1667 2645 vsum
1677 2613 1747 2650 effe,
1758 2625 1826 2658 quae
1836 2613 1873 2647 ad
1884 2613 1946 2647 do—

1118 2655 1239 2688 cendos
1247 2656 1372 2689 Iudaeos
1381 2657 1484 2702 aptior
1495 2669 1572 2697 erat,
1582 2664 1614 2694 &
1625 2661 1693 2704 plus
1703 2659 1841 2694 habebat
1851 2673 1945 2694 ener-

1118 2702 1188 2749 giae.
1207 2703 1480 2749 quemadmodum
1500 2718 1558 2740 nos
1574 2706 1671 2740 hodie
1683 2719 1813 2752 propter
1821 2707 1945 2753 Baptis-

1118 2751 1162 2784 mi
1176 2749 1260 2784 vsum
1273 2751 1387 2785 melius
1397 2753 1664 2798 apprehendimus
1674 2755 1750 2800 quid
1762 2757 1860 2790 valeat
1869 2769 1944 2802 pec-

1117 2809 1261 2833 catorum
1271 2798 1410 2832 remislio
1421 2799 1572 2847 sanguine
1582 2801 1702 2836 Christi
1713 2814 1798 2848 parta
1810 2826 1820 2842 ,
1842 2816 1943 2851 quum

1117 2847 1260 2881 audimus
1279 2858 1339 2880 nos
1357 2847 1416 2881 illo
1432 2846 1518 2881 ablui
1539 2853 1568 2883 δι
1582 2851 1709 2896 purgari
1726 2849 1872 2886 sordibus
1884 2863 1944 2886 no-

1116 2894 1198 2929 stris.
1247 2897 1370 2928 Interea
1380 2908 1478 2942 quum
1496 2894 1710 2942 superstitiose
1727 2899 1766 2934 de
1783 2897 1946 2935 sacrificiis

1117 2942 1215 2990 vulgo
1227 2943 1320 2976 Iudaei
1330 2942 1492 2981 sentirent,
1510 2944 1624 2979 vitium
1635 2945 1712 2980 illud
1725 2946 1831 2982 obiter
1840 2950 1944 2983 corri-

1119 2991 1165 3037 git
1174 3015 1184 3029 ‚
1204 2989 1352 3037 quorsum
1371 2988 1539 3036 speetariut
1554 2993 1607 3028 illa
1625 2996 1734 3029 onmia
1752 2997 1943 3032 admonens.

1119 3040 1183 3074 Hic
1202 3037 1347 3083 peffimns
1370 3050 1436 3073 erat
1452 3038 1648 3076 sacrificandi
1657 3042 1769 3078 abusus
1779 3069 1789 3081 ‚
1807 3047 1896 3092 quod
1908 3047 1944 3080 in

1118 3086 1271 3133 symbolis
1288 3085 1422 3121 defixam
1433 3085 1592 3124 habebant
1603 3089 1764 3126 fiduciam.
1789 3094 1879 3141 Ergo
1889 3098 1946 3127 Io-

1118 3134 1238 3169 hannes
1248 3133 1412 3168 Christum
1423 3147 1622 3180 proponens,
1632 3139 1733 3185 ipsum
1746 3140 1873 3176 testatur
1884 3140 1944 3176 effe

1120 3187 1248 3229 Agrium
1259 3181 1404 3229 Deitquo
1417 3182 1583 3231 fignificat,
1600 3189 1801 3237 quascunque
1814 3189 1867 3222 sub
1881 3191 1945 3222 Le·

1120 3243 1158 3278 ge
1169 3230 1313 3263 vietimas
1324 3231 1417 3266 ludaei
1427 3231 1543 3267 offerre
1553 3232 1636 3269 soliti
1649 3249 1697 3270 era
1704 3250 1748 3275 nt,
1759 3237 1893 3271 minime
1904 3237 1944 3272 ad

1118 3289 1240 3324 peccata
1251 3279 1403 3323 expianda
1412 3279 1549 3320 valuiss‘e,
1562 3282 1613 3318 sed
1625 3283 1713 3318 fuisse
1723 3296 1844 3318 tantum
1855 3285 1942 3333 figu-

1118 3340 1175 3361 ης,
1187 3328 1284 3372 quarti
1296 3326 1434 3361 exhibita
1444 3328 1538 3364 fuerit
1551 3334 1665 3366 veritas
1676 3334 1706 3365 in
1719 3333 1850 3368 Christo
1862 3333 1942 3378 ipso.

1118 3377 1275 3408 Peccatum
1286 3374 1431 3422 singulari
1445 3391 1580 3412 numero
1595 3393 1654 3426 pro
1666 3383 1775 3422 quauis
1789 3382 1944 3428 iniquita-

1119 3433 1149 3455 te
1170 3421 1285 3466 ponit:
1316 3437 1349 3458 ac
1370 3424 1389 3457 fi
1403 3425 1541 3465 diceret,
1559 3429 1710 3473 quicquid
1728 3428 1772 3462 est
1783 3429 1943 3466 iniustitiae

1118 3469 1207 3514 quod
1218 3472 1325 3504 Deum
1335 3471 1374 3506 ab
1385 3471 1574 3509 hominibus
1584 3477 1766 3519 alienat,per
1779 3478 1945 3515 Christum

1119 3518 1246 3553 tolli.Et
1256 3531 1354 3567 quum
1364 3522 1442 3558 dicit
1455 3523 1581 3560 Mundi
1590 3528 1731 3571 peccatu,
1742 3525 1798 3560 hic
1808 3529 1944 3575 gratiam

1693 3574 1778 3619 Βῆ

1729 3700 1745 3708 «-
