2310 3841
387 198 453 241 108
1036 190 1111 232 IN
1154 191 1356 234 ACTA
1414 190 1636 233 APOST.

255 304 379 339 east-am,

258 547 308 578 {ph
322 550 386 572 τηυξ-

255 1594 310 1620 'Aa
320 1605 355 1622 ιο,
370 1608 374 1611 -

254 1627 315 1652 [²8.

255 1747 360 1778 Isa.48.e.

262 2253 382 2280 'Aerem

395 269 515 302 formati
526 268 619 301 sint&
629 265 739 311 aptati,
750 276 810 298 non
822 264 902 298 secus
913 276 946 298 ³0
956 263 993 296 de
1003 276 1088 297 manu
1100 288 1108 301 2
1117 277 1150 299 vt
1159 267 1239 300 aiunt
1251 289 1260 303 ,
1269 269 1298 299 in
1312 277 1430 299 manum
1442 267 1478 299 ab
1490 278 1527 300 eo
1537 269 1626 298 nobis
1635 265 1765 309 ⁸traditos
1785 266 1953 309 recipimus.
1974 263 2032 300 Sed
2052 263 2137 310 quod

402 312 453 345 hic
464 314 535 345 dicit
545 317 636 344 Lucas
646 337 654 349 ,
665 313 785 344 Paulum
794 311 926 343 Ecclesiae
935 309 1071 354 suffragiis
1081 312 1250 344 ordinatum
1262 312 1318 344 effe
1328 324 1334 342 z
1346 313 1461 344 videtui·
1471 313 1592 344 minime
1610 312 1690 344 Pauli
1708 313 1807 344 verbis
1821 311 1878 344 ess'e
1895 311 2137 346 consentaneum,

405 360 457 392 vbi
466 358 491 388 se
501 358 547 388 vel
557 359 593 388 ab
603 358 777 388 hominibus
787 379 795 392 ,
805 357 852 388 vel
863 367 914 398 per
924 358 1063 387 homines
1074 368 1211 388 vocatum
1225 355 1278 388 esse
1289 366 1387 399 negat.
1408 357 1587 398 Respondeo
1599 375 1609 393 2
1618 357 1712 389 muitb
1724 357 1791 390 ante
1801 368 1932 389 creatum
1948 355 2031 389 fuisse
2050 360 2135 398 Apo-

405 403 510 435 stolum
521 424 530 438 ,
540 400 630 444 idque
640 402 727 435 nullis
737 402 893 433 hominum
901 399 1039 443 suffragiis
1050 421 1059 435 ,
1071 401 1156 443 quarn
1167 402 1201 431 ad
1212 404 1326 432 Gentes
1335 403 1501 433 mitteretur
1513 414 1520 432 ε
1530 403 1624 434 &iam
1636 402 1811 443 Apostolatu
1829 414 1880 444 pet
1896 411 1989 433 annos
2004 401 2138 443 complu-

404 458 449 479 res
459 445 575 477 funCtus
585 457 751 488 erat,quum
762 457 842 478 nouo
852 445 972 478 oraculo
981 446 1017 477 ad
1031 449 1145 477 Gentes
1154 446 1264 477 accitus
1272 445 1336 477 suit.
1358 457 1446 488 quare
1457 457 1486 478 vt
1496 449 1592 478 Deum
1601 447 1708 477 habeat
1717 447 1904 488 Apostolatus
1913 446 1953 479 sui
1969 445 2137 482 authorem,

404 502 465 523 uon
475 492 625 523 immerito
635 492 774 523 homines
783 490 918 523 excludit.
944 494 1006 522 Nec
1017 491 1088 522 verb
1098 491 1167 521 ideo
1176 502 1254 522 nunc
1264 492 1299 522 ab
1309 490 1433 522 Ecclesia
1445 492 1572 523 ordinari
1581 501 1648 522 eum
1658 493 1788 532 praecipit
1798 502 1842 526 ,vt
1849 492 1886 522 ab
1896 491 2052 522 hominum
2062 490 2139 522 iudi-

405 536 452 568 cio
462 536 525 566 eius
536 538 655 568 vocatio
666 537 809 577 pendeat:
820 535 864 567 sed
874 537 1024 568 decretum
1034 535 1107 566 illud
1118 534 1196 566 suum
1208 537 1288 578 quod
1298 536 1396 577 paucis
1406 536 1501 568 adhuc
1510 546 1614 568 notum
1625 546 1684 566 erat
1697 557 1705 569 ,
1715 539 1797 566 Deus
1805 546 1883 566 nunc
1892 535 2069 577 'promulgat
2085 545 2140 576 pu·

407 581 488 612 blico
498 580 596 612 edicto
607 601 616 615 ,
626 577 788 613 &solemni
797 580 929 612 Ecclesiae
937 579 1147 621 subscriptione
1157 580 1303 622 obsignari
1315 580 1410 614 iubet.
1432 581 1535 612 Sensus
1546 591 1617 622 ergo
1628 580 1786 610 verborum
1807 580 1864 616 est,
1874 582 1933 611 Iam
1949 578 2045 611 adesse
2062 589 2138 611 tem-

405 636 459 667 pus
469 648 477 661 ‚
487 636 548 667 quo
559 626 663 656 Paulus
673 626 863 668 Euangelium
876 625 985 667 spargat
995 625 1070 656 inter
1079 627 1191 656 Gentes
1201 645 1209 660 ,
1221 626 1361 658 &diruto
1370 626 1477 667 pariete
1487 626 1643 657 Ecclei'iam
1653 624 1773 665 colligat
1783 635 1814 654 ex
1825 625 2139 666 Gentibus,quaeprius

407 681 547 702 extraneae
556 669 691 703 fueranta
703 682 796 713 regno
805 671 871 701 Dei.
893 681 959 700 nam
971 671 1094 711 quanuis
1104 670 1242 701 hactenus
1252 671 1313 702 eius
1323 682 1413 711 opera
1422 674 1503 701 Deus
1511 670 1672 711 Antiocliic
1686 672 1715 701 &
1727 670 1796 700 alibi
1808 668 1870 700 vsus
1888 668 1960 700 esset
1970 690 1979 704 ,
1992 669 2047 707 hoc
2058 678 2139 700 nunc
2170 676 2172 678 ’

407 716 526 746 demum
538 716 682 757 peculiare
692 716 822 748 accessit,
835 715 915 756 qubd
924 717 1038 746 Gentes
1047 716 1144 746 voluit
1152 717 1181 745 in
1191 716 1293 747 eadem
1303 726 1369 746 curn
1379 715 1480 746 ludaeis
1490 716 1554 747 vitae
1570 715 1768 746 haereditatem
1787 724 1935 755 cooptare.
1958 713 2050 752 Quod
2068 712 2086 744 {i
2098 713 2137 745 ab

408 761 496 791 initio
508 759 546 791 fic
556 771 666 792 creatus
677 760 744 792 esset
753 760 882 791 Eccieiioe
892 759 997 790 doctor
1007 779 1016 792 ‚
1027 770 1063 789 rie
1074 771 1136 791 tum
1146 760 1265 801 quidem
1279 771 1329 802 per
1341 761 1478 791 homines
1486 758 1582 791 fuisset
1594 769 1724 791 vocatur.
1744 770 1809 790 nam
1820 769 1911 800 quum
1928 757 2138 790 Dominusase

407 815 545 836 vocatum
557 807 726 847 pronuntiat
737 825 745 839 ‚
755 805 826 847 quid
838 805 983 846 reliquum
993 803 1060 836 facit
1070 804 1201 836 Ecclefiae
1212 827 1220 840 ,
1231 804 1281 836 nisi
1290 815 1321 836 vt
1333 804 1508 836 obedienter
1520 804 1698 836 subscribat?
1708 815 1804 846 neque
1815 804 1893 834 enim
1910 802 1959 834 hic
1974 804 2140 845 interponi-

407 859 452 880 tur
463 850 586 882 homini]
596 849 734 881 iudicium
744 849 819 891 qnasi
831 850 859 880 in
869 861 899 880 te
909 849 1160 891 ambigua,neque
1168 848 1304 893 suffragiis
1315 849 1354 881 est
1363 850 1550 881 libertasSed
1566 850 1698 881 tenendi]
1705 849 1745 880 est
1755 848 1835 891 quod
1846 848 1916 883 dixi,
1927 858 1986 879 tion
1998 847 2138 880 constitui

406 904 486 926 nunc
496 895 614 926 demum
624 896 652 925 in
663 896 765 926 ordine
775 894 943 925 Doctorum
952 894 1045 925 Pauli]
1055 897 1084 926 δε
1095 895 1321 929 Barnabarmsed
1333 894 1627 926 extraordinarii‘iillis
1639 904 1746 925 muniis
1755 894 1919 936 iniungi‚vr
1928 891 2021 934 vulgo
2032 892 2067 923 ad
2079 891 2142 923 Ge-

407 948 451 970 tes
462 938 593 982 proferre
603 941 660 971 Dei
671 941 763 982 gratit'i
773 940 924 980 incipiant.
936 946 1028 980 Atque
1038 940 1068 970 id
1077 939 1156 971 sonat
1167 939 1256 971 verba
1266 939 1356 981 quum
1367 939 1485 975 dicitur,
1493 951 1505 969 s
1514 952 1529 971 r:
1538 952 1556 971 o
1564 950 1601 969 its
1610 951 1629 970 c.
1637 951 1651 968 A
1659 950 1698 969 rs
1711 939 1746 969 ad
1758 942 1964 981 opus.Nouum
1975 938 2054 968 enim
2064 945 2140 977 opus

404 985 509 1026 procul
519 984 623 1020 dubio,
635 987 665 1016 ὅς
676 985 771 1015 adhuc
781 983 946 1015 inusitatum
959 981 1099 1025 designat.
1125 984 1181 1015 Sed
1191 985 1344 1026 quomodo
1354 984 1447 1015 socius
1457 981 1506 1016 hic
1518 987 1548 1016 δε
1560 984 1673 1026 collega
1691 984 1783 1016 Paulo
1800 983 1969 1025 adiungitur
1980 981 2137 1014 Barnabas,

404 1039 494 1071 quem
513 1028 650 1070 nusquam
668 1029 796 1071 legimus
811 1028 939 1059 docendi
951 1026 1190 1059 officiofuncrum
1203 1027 1259 1059 effe
1270 1033 1280 1057 .²
1292 1028 1353 1059 imb
1363 1029 1412 1070 qui
1428 1029 1570 1071 loquendi
1588 1039 1687 1069 partes
1706 1029 1817 1069 semper
1833 1029 1945 1063 Paulo,
1957 1027 2062 1058 tacitus
2079 1025 2139 1068 ipse

404 1075 544 1105 conceffit
553 1081 562 1104 ‘e
571 1074 749 1115 Respondeo
759 1096 767 1109 ,
777 1072 842 1104 satis
854 1072 961 1103 multas
970 1073 1112 1113 loquendi
1123 1072 1294 1104 occasiones
1304 1073 1347 1104 illi
1364 1074 1487 1105 subinde
1498 1096 1508 1110 ,
1523 1072 1643 1104 absente
1653 1074 1746 1104 Paulo
1758 1095 1767 1108 ‚
1776 1071 1860 1104 fuisse
1878 1072 1992 1102 oblatas
2003 1093 2013 1106 ,
2024 1081 2055 1103 vt
2073 1070 2140 1101 satis

404 1117 475 1150 esset
486 1119 634 1150 ambobus
647 1121 768 1163 negorij.
793 1128 891 1159 neque
901 1118 981 1148 enim
992 1117 1066 1148 locis
1077 1117 1219 1148 omnibus
1237 1116 1333 1149 adesse
1349 1117 1461 1160 semper
1479 1128 1554 1150 vnus
1572 1127 1698 1159 poterat.
1722 1117 1857 1148 Dubium
1874 1116 1994 1157 quidem
2016 1114 2140 1150 nonest,

402 1173 473 1204 quas
481 1166 563 1194 Deus
573 1163 759 1194 mandauerat
770 1172 864 1204 partes
873 1162 999 1193 fideliter
1015 1159 1121 1192 obiisse
1130 1183 1138 1197 ,
1149 1172 1203 1193 nec
1214 1161 1297 1193 fuisse
1309 1173 1421 1194 mutum
1434 1162 1637 1204 spedtatorem.
1663 1161 1769 1193 diserte
1785 1161 1858 1194 verb
1874 1161 2037 1192 conciones
2046 1160 2082 1192 ab
2099 1170 2139 1191 eo

401 1207 517 1239 habitas
526 1219 585 1238 non
596 1208 717 1249 exprimi
731 1207 746 1238 ii
755 1211 830 1238 Luca
841 1218 891 1238 cur
902 1208 1044 1237 miremur
1053 1226 1061 1239 ‚
1075 1206 1195 1248 quando
1204 1207 1375 1238 exPaulinis
1385 1208 1434 1238 vix
1444 1206 1624 1238 millesimam
1634 1217 1782 1248 quamque
1793 1206 1907 1237 recitat?

438 1264 532 1284 Dixit
543 1263 686 1283 SPIRITVS
695 1252 876 1293 .)Qicquid
885 1250 1318 1293 tergiuersandi,causaobiiciat
1329 1252 1520 1283 Macedonius
1531 1263 1596 1282 cum
1613 1250 1659 1281 sua
1677 1251 1750 1282 sedin
1760 1273 1769 1286 ‚
1784 1250 1888 1281 diuinae
1904 1260 2001 1281 tamen
2011 1248 2138 1290 Spiritus

400 1294 524 1328 essentiae
534 1296 638 1328 clarius
649 1294 695 1327 hic
706 1298 849 1328 habemus
859 1297 989 1338 elogium
1003 1318 1012 1331 ‚
1023 1295 1183 1328 &solidius
1194 1295 1321 1338 quam-vt
1332 1298 1410 1327 eludi
1421 1297 1516 1337 possit.
1539 1295 1620 1327 Nihil
1633 1298 1723 1338 magis
1732 1296 1790 1326 Dei
1808 1297 1958 1336 proprium
1979 1294 2018 1324 est
2027 1314 2035 1327 ‚
2046 1293 2138 1335 quem

400 1351 432 1371 vt
441 1342 582 1382 potestate
593 1340 640 1372 sua
653 1341 822 1383 &imperio
833 1352 906 1372 vrius
916 1340 1070 1371 Ecclesiam
1082 1351 1174 1382 regat.
1199 1341 1279 1382 atqui
1289 1342 1426 1372 hociuris
1436 1340 1488 1371 fibi
1501 1340 1637 1372 vendicat
1645 1342 1770 1382 Spiritus
1780 1362 1788 1374 ‚
1798 1350 1886 1382 quum
1898 1341 1981 1370 iubet
1992 1338 2044 1369 sibi
2062 1340 2138 1369 Pau-

399 1385 461 1416 lum
474 1389 505 1417 &
514 1387 675 1418 Barnabarn
687 1386 829 1428 segregari
841 1408 849 1421 ,
862 1389 892 1418 δε
901 1386 950 1417 suo
960 1395 1031 1417 nutu
1043 1395 1167 1417 vocatos
1175 1384 1232 1416 effe
1242 1385 1367 1417 testatur.
1387 1385 1478 1417 Certe
1489 1385 1624 1416 mutilum
1636 1388 1666 1417 δι
1677 1385 1771 1427 capite
1780 1395 1916 1417 truncum
1925 1383 2056 1415 Ecclesiae
2072 1394 2138 1414 coi·-

401 1440 456 1472 pus
465 1429 549 1463 fateri
561 1429 673 1462 ncceffe
683 1431 741 1467 est,
752 1430 803 1462 nifi
815 1433 913 1462 Deum
923 1429 1107 1472 agnoscimus
1117 1451 1126 1465 ‚
1137 1431 1185 1472 qui
1194 1428 1245 1460 suo
1255 1441 1319 1461 eam
1329 1430 1452 1462 arbitrio
1462 1429 1613 1463 constituit
1624 1451 1632 1465 ‚
1643 1431 1692 1472 qui
1711 1429 1829 1472 praeficit
1849 1429 1891 1460 illi
1909 1428 2058 1459 Doctores
2066 1446 2075 1460 ,
2085 1428 2138 1470 qui

403 1471 657 1517 progrersuseius,
668 1477 698 1508 δε
713 1476 849 1508 ordinem
861 1475 1042 1510 moderatur,
1066 1475 1114 1505 Sic
1124 1476 1210 1506 etiarn
1224 1473 1324 1516 postea
1332 1486 1440 1517 cap.20.
1452 1476 1486 1505 'in
1506 1476 1586 1506 Pauli
1606 1476 1753 1507 concione
1772 1474 1948 1505 habebimus
1959 1492 1967 1507 ,
1976 1473 2139 1514 Episcopos

403 1531 509 1552 omnes
520 1520 536 1550 a
546 1521 653 1562 Spiritu
664 1520 760 1551 uncto
771 1519 883 1562 positos
894 1518 950 1550 esse
959 1541 966 1550 .
975 1521 1025 1560 qui
1034 1518 1191 1551 Ecclesiam
1200 1520 1380 1561 gubernent.
1404 1521 1485 1561 atqui
1497 1530 1586 1550 nemo
1596 1520 1745 1561 legitimus
1753 1518 1884 1550 Ecclesiae
1903 1518 2001 1549 Pastor
2019 1519 2138 1549 censen-

404 1563 458 1595 dus
470 1566 594 1600 ‚eodem
608 1564 701 1596 Paulo
711 1565 799 1600 teste,
817 1563 869 1595 nisi
891 1565 940 1605 qui
952 1563 1044 1594 {tDeo
1056 1573 1178 1594 vocatus
1190 1563 1247 1597 est,
1265 1573 1320 1594 nec
1339 1563 1393 1594 alia
1413 1574 1482 1594 nota
1499 1566 1581 1594 Deus
1598 1563 1872 1604 pseudoprophetas
1889 1563 2038 1605 designat,
2050 1562 2139 1604 quirin

405 1608 554 1650 qubdipse
565 1619 617 1640 eos
628 1620 688 1640 non
700 1608 819 1641 miserit.
839 1611 916 1650 Ergo
925 1609 1067 1648 Spiritum
1077 1606 1204 1638 fanetum
1216 1607 1285 1638 vete
1295 1609 1393 1638 Deum
1406 1605 1463 1638 effe
1472 1608 1656 1649 colligimus,
1667 1609 1748 1638 cuius
1758 1607 1919 1638 authoritas
1933 1608 1967 1636 ad
1981 1606 2138 1648 eligendos

403 1653 536 1684 Pastores
544 1653 643 1684 sufficit
653 1674 663 1688 ,
672 1656 703 1684 δε
716 1654 797 1683 cuius
804 1653 949 1682 summurn
959 1652 988 1682 in
1000 1649 1057 1683 illis
1068 1650 1201 1682 creandis
1214 1652 1369 1693 imperium
1381 1651 1429 1682 est.
1453 1652 1546 1692 Qod
1555 1654 1628 1684 irem
1639 1662 1672 1683 ex
1683 1651 1756 1682 Isaiae
1765 1651 1866 1682 verbis
1875 1650 2074 1683 confirmatur.
2098 1652 2135 1683 Et

403 1707 483 1729 nunc
492 1707 561 1729 ecce
570 1697 680 1728 rehoua
695 1695 767 1728 mifit
776 1708 822 1727 me
832 1699 863 1728 δε
873 1697 996 1737 Spiritus
1006 1696 1077 1727 eius.
1099 1696 1271 1727 Notandum
1281 1706 1416 1737 praeterea
1427 1706 1461 1726 ex
1470 1695 1515 1726 his
1532 1698 1633 1727 verbis
1643 1715 1652 1730 ,
1663 1694 1743 1737 quod
1759 1695 1777 1726 fi
1795 1695 1915 1736 persona
1933 1695 2001 1726 vere
2017 1696 2046 1726 in
2065 1697 2136 1726 Deo

402 1740 564 1773 subsistens.
585 1745 660 1773 Nam
672 1740 691 1771 fi
702 1741 820 1781 Sabellij
831 1750 1034 1771 commentum
1044 1740 1238 1773 admittimus,
1249 1740 1329 1780 quod
1340 1740 1464 1780 Spiritus
1474 1751 1584 1771 nomen
1593 1739 1756 1781 hypostafin
1777 1750 1837 1770 non
1857 1739 2062 1781 defigr.et‚sed
2080 1750 2136 1770 nu.

401 1786 472 1818 dum
485 1782 516 1817 iit
525 1786 793 1827 epitheton,inepta
804 1787 834 1815 δε
845 1784 965 1815 absurda
973 1784 1027 1815 erit
1036 1783 1245 1824 locutio‚quod
1254 1783 1377 1824 Spiritus
1387 1783 1498 1814 sanstus
1509 1783 1626 1824 dixerig3
1638 1784 1738 1825 inepte
1747 1785 1837 1815 etiam
1847 1782 1931 1814 isaias
1946 1785 1973 1814 ei
1989 1783 2136 1815 adscribe-

399 1841 443 1862 ret
455 1831 606 1870 Prophetae
615 1829 788 1860 missionem.

430 1886 441 1916 3
476 1874 552 1914 Qv
560 1886 579 1904 iu
589 1871 759 1903 ieiunaffent
769 1881 799 1903 et
809 1870 918 1913 precati
928 1867 1045 1909 essent.)
1070 1872 1109 1901 Vt
1119 1869 1262 1902 obediant
1271 1868 1392 1900 oraculo
1402 1889 1411 1904 2
1419 1871 1541 1903 Paulum
1555 1874 1584 1903 δε
1593 1872 1754 1904 Barnabam
1765 1882 1824 1903 non
1834 1869 1950 1903 tantum
1966 1870 2137 1908 dimittunt,

396 1917 444 1950 sed
456 1919 544 1949 etiam
554 1917 675 1949 solemni
686 1927 743 1948 ritu
754 1916 905 1947 instituunt
916 1915 1059 1947 Gentium
1071 1914 1239 1956 Apostolos.
1265 1915 1412 1946 lelunium
1428 1916 1485 1948 hoc
1494 1927 1528 1948 ex
1539 1916 1667 1958 professo
1677 1916 1839 1958 susceptum
1857 1914 1914 1948 effe
1931 1926 1992 1947 non
2008 1916 2135 1949 dubium

398 1963 447 1995 est.
468 1964 588 1993 Ieiunos
598 1965 679 2002 prius
691 1960 771 1992 fuisse
780 1961 852 1992 dixit
861 1963 953 1991 Lucas
964 1982 972 1995 ‚
981 1969 1073 2002 quum
1085 1959 1245 1990 ministerio
1253 1958 1304 1991 suo
1315 1960 1421 1991 intenti
1433 1960 1524 1993 essent
1534 1972 1541 1991 :
1551 1962 1580 1993 id
1591 1961 1653 1993 freti
1663 1972 1781 2004 poterat
1791 1971 1825 1993 ex
1835 1971 1917 1992 more
1926 1982 1935 1997 ‚
1947 1971 2027 1992 nunc
2035 1961 2135 1993 diuer-

397 2007 424 2039 sa
434 2008 506 2039 ratio
518 2008 567 2038 est.
591 2010 666 2038 Nam
676 2007 791 2037 indicto
801 2004 921 2047 publice
935 2004 1049 2036 ieiunio
1059 2026 1067 2040 ,
1079 2004 1161 2046 quod
1173 2004 1302 2035 intebus
1310 2004 1406 2035 arduis
1417 2007 1448 2038 δε
1461 2017 1571 2049 magnoe
1580 2007 1759 2039 difficultatis
1770 2005 1971 2042 fierisolebat,
1981 2004 2008 2038 se
2020 2008 2050 2038 δε
2059 2006 2135 2038 alios

397 2052 434 2084 ad
444 2052 544 2083 serium
555 2050 691 2092 precandi
701 2051 835 2082 ardorem
846 2051 982 2081 incitant.
1004 2051 1120 2081 Etenim
1148 2049 1277 2080 orationi
1296 2049 1507 2082 adminiculum
1526 2051 1584 2083 hoc
1599 2050 1669 2093 saepe
1687 2054 1717 2082 in
1737 2052 1884 2094 Scriptura
1899 2051 2024 2082 additur.
2045 2051 2134 2094 Atqui

398 2099 498 2136 (tantae
508 2097 594 2127 molis
604 2105 664 2128 erat
672 2096 779 2127 Christi
790 2105 912 2137 regnum
923 2096 997 2126 inter
1007 2096 1121 2126 Gentes
1130 2094 1321 2136 erigere)non
1333 2094 1484 2126 immerito
1494 2096 1675 2127 Antiocheni
1687 2096 1835 2127 Doctores
1843 2094 1955 2127 solicite
1966 2096 2134 2127 Dominum

398 2153 505 2184 rogant
517 2164 524 2176 ‚
535 2152 565 2173 vt
575 2143 623 2172 det
633 2151 713 2182 pares
723 2140 811 2172 seruis
821 2140 875 2171 suis
886 2141 1035 2170 humeros.
1058 2139 1137 2171 Finis
1145 2149 1243 2171 autem
1254 2138 1355 2170 orandi
1366 2150 1428 2170 non
1438 2150 1515 2174 erat,
1524 2150 1554 2172 vt
1563 2139 1662 2182 spiritu
1672 2141 1832 2182 prudentire
1850 2142 1882 2172 δε
1901 2139 2086 2172 discretionis
2095 2139 2134 2171 il-

399 2185 496 2217 lorum
506 2186 613 2217 iudicia
623 2196 737 2227 regerer
748 2188 830 2216 Deus
839 2185 873 2216 ad
885 2184 1066 2226 eligendum:
1075 2185 1143 2226 quia
1153 2184 1190 2216 de
1199 2185 1253 2215 hac
1262 2194 1293 2215 re
1303 2182 1413 2216 sublata
1421 2194 1481 2217 erat
1490 2183 1665 2227 disputatio:
1676 2184 1724 2216 sed
1733 2195 1763 2217 vt
1774 2186 1922 2217 Dominus
1930 2184 2090 2225 prudentiae
2099 2186 2132 2217 δε

403 2225 585 2261 fortit‘udinis
594 2230 694 2270 spiritu
702 2240 753 2260 eos
763 2230 914 2261 instrueret
926 2251 934 2265 ,
944 2239 1018 2271 quos
1026 2228 1086 2270 ipse
1095 2230 1151 2260 iam
1162 2228 1215 2261 fibi
1225 2228 1390 2271 delegerat:
1405 2239 1436 2261 vt
1446 2230 1556 2262 virtute
1567 2229 1612 2260 sua
1622 2240 1725 2261 contra
1734 2239 1838 2260 omnes
1845 2230 1953 2260 Satanae
1968 2226 2132 2271 mundique

404 2273 524 2305 insultus
535 2275 662 2305 inuictos
670 2274 821 2305 redderet:
834 2285 865 2306 vt
880 2275 1071 2306 benediceret
1082 2285 1184 2306 eorum
1195 2273 1310 2305 labores
1321 2296 1330 2309 ,
1340 2285 1376 2305 ne
1388 2272 1556 2306 infructuosi
1568 2272 1658 2306 effetit
1668 2284 1714 2311 ‚vt
1724 2274 1837 2306 ianuam
1856 2273 1980 2314 aperiret
1996 2283 2079 2304 nouae
2095 2275 2132 2304 E-

406 2319 532 2361 uangelij
542 2319 782 2360 promulgationi.
803 2317 955 2358 Impofitio
965 2328 1102 2349 manuum
1112 2330 1198 2360 quam
1209 2318 1299 2350 tertio
1307 2318 1378 2350 loco
1389 2319 1520 2351 recenset
1530 2317 1862 2353 Lucas,consecrationis
1871 2317 1979 2359 species
1987 2317 2133 2354 erat‚ficu-

405 2364 430 2395 ti
441 2364 552 2395 dictum
561 2362 600 2394 est
610 2372 705 2404 capite
714 2367 808 2394 6.nam
819 2362 1018 2394 ceremoniam
1027 2372 1088 2402 quae
1097 2373 1132 2393 ex
1140 2363 1254 2395 vetusto
1262 2362 1335 2405 legis
1345 2374 1428 2394 more
1437 2372 1552 2405 recepta
1560 2373 1621 2394 erat
1631 2363 1707 2395 inter
1717 2363 1828 2394 Iudaeos
1837 2384 1846 2398 ‚
1854 2362 2039 2394 retinuerunt
2048 2365 2132 2404 Apo·

407 2407 471 2438 stoli
483 2420 489 2438 z
501 2418 560 2438 non
569 2407 650 2438 secus
660 2417 692 2438 ac
713 2408 951 2449 genuflexionem
969 2408 1000 2436 δε
1011 2404 1115 2435 similes
1124 2407 1195 2438 ritus
1203 2406 1238 2438 ad
1247 2406 1439 2438 exercendam
1449 2408 1589 2448 pietatem
1599 2407 1696 2439 vtiles.
1717 2411 1749 2439 In
1759 2408 1867 2439 summa
1878 2417 1936 2437 non
1945 2405 2003 2437 alio
2021 2405 2131 2448 speEta-

407 2452 458 2484 bat
468 2462 605 2484 manuum
615 2449 763 2492 impositio
771 2450 854 2493 super
863 2449 984 2481 Paulum
997 2451 1026 2480 δι
1035 2450 1194 2481 Barnabam
1204 2470 1213 2483 ‚
1224 2450 1309 2492 quam
1321 2460 1352 2481 vt
1363 2461 1414 2480 eos
1422 2454 1490 2481 Deo
1499 2450 1615 2482 offerret
1625 2452 1742 2484 ecclesia
1753 2471 1762 2487 ‚
1771 2455 1799 2484 δι
1812 2453 1862 2482 suo
1878 2449 2016 2483 consensu
2033 2451 2130 2492 paliim

407 2497 540 2528 testatum
551 2496 658 2528 faceret
672 2495 814 2527 diuinitus
828 2495 884 2526 illis
893 2493 1056 2524 iniunCtum
1068 2493 1126 2524 hoc
1137 2504 1241 2525 munus
1250 2493 1394 2526 effe.Nam
1406 2496 1525 2528 vocatio
1536 2496 1654 2538 proprie
1666 2497 1752 2529 solius
1767 2497 1825 2529 Dei
1835 2496 2017 2528 fuieexterna
2031 2506 2129 2528 aurem

406 2541 555 2574 ordinario
566 2540 700 2575 ecciesiae,
707 2538 798 2582 idque
806 2550 839 2572 ex
847 2538 947 2571 caeiesti
956 2537 1086 2569 oraculo.

434 2646 462 2678 4
517 2630 567 2667 lt‘lc⁴
578 2644 655 2684 ergo
667 2630 767 2682 emiss'i
777 2627 796 2667 ιὶ
808 2636 829 2668 S
828 2630 937 2683 piritu
939 2625 1004 2679 stan
1009 2629 1059 2665 ⁶70
1065 2623 1202 2680 profesti
1208 2623 1292 2677 simt
1313 2626 1496 2665 Seleuciam
1507 2658 1516 2674 ,
1535 2629 1574 2674 (9¹
1591 2628 1671 2667 inde
1686 2631 1890 2683 mitigarunt
1909 2631 1948 2666 in
1969 2635 2126 2680 Cyprum.

445 2701 461 2737 5
489 2687 534 2726 Et
543 2701 647 2740 quum
657 2685 758 2739 ‘ff'm‘
766 2688 937 2724 Salamine
947 2714 957 2730 ‚
967 2685 1212 2722 annuntiarunt
1219 2680 1407 2736 sermonem
1416 2688 1483 2723 Det
1501 2684 1714 2741 infinagoga's
1730 2686 1925 2726 Judaeorum.
1944 2683 2127 2724 Habebam

403 2754 518 2781 autem
530 2744 568 2788 &
580 2751 740 2781 Ioannem
747 2742 945 2795 ministrum.

428 2805 451 2838 6
480 2805 602 2856 Qum
611 2809 720 2837 autem
726 2794 983 2852 pertranfiiffi’nt
991 2793 1132 2848 infidam
1141 2791 1289 2849 Paphum
1299 2793 1623 2850 vstpaec,inuenemmt
1633 2797 1804 2853 quendam
1808 2793 2124 2852 pfi’udoprophetam

403 2854 559 2898 ludaeum,
571 2858 623 2893 cus·
631 2867 754 2893 nonlen
765 2855 942 2905 Bar-idus.
1085 2871 1087 2873 >

430 2923 455 2958 7
498 2915 575 2964 Qz'
585 2921 657 2950 erat
667 2922 740 2949 cum
748 2913 865 2966 Sergio
875 2910 978 2949 Paulo
988 2905 1178 2961 Proconfhle
1188 2908 1266 2945 viro
1271 2906 1450 2960 prudente·
1476 2913 1544 2949 Hic
1551 2910 1657 2950 accitis
1665 2905 1822 2948 Barnaba
1832 2906 1871 2955 ό*
1881 2907 1981 2947 Paulo
1993 2921 2122 2961 quaere-

405 2961 463 3003 bat
473 2967 589 3005 audire
591 2968 779 3020 sermonem
789 2970 867 3006 Dei.
1899 3008 1905 3011 b
2105 3000 2106 3004 ,

433 3023 454 3059 8
470 3064 471 3070 ἵ
498 3021 672 3075 Refistelmt
681 3035 792 3062 autem
801 3022 852 3063 hi's
866 3023 996 3076 Elymas
1005 3018 1278 3076 magus‚ficenim
1288 3022 1466 3071 exponitur
1475 3023 1545 3060 eius
1562 3035 1851 3076 nomen,quaerens
1867 3030 2019 3075 auertere
2037 3026 2121 3058 Pro-

405 3077 566 3128 confidem
575 3078 680 3131 dfide.

436 3147 458 3180 9
495 3135 614 3172 Saulus
628 3145 741 3173 autem
751 3137 809 3187 qui
818 3135 910 3173 idem
921 3132 1180 3187 Paulus,plenus
1191 3132 1313 3186 Spiritu
1314 3129 1442 3181 sufflo,
1453 3131 1492 3178 ἀ*
1503 3127 1691 3174 ἰηιεηιιέἱη
1704 3135 1780 3174 eum
1788 3131 1898 3179 ocule,

431 3201 472 3228 10
500 3191 644 3241 pixitss
652 3191 750 3244 plene
762 3194 853 3230 omni
862 3192 937 3230 dolo
948 3189 987 3235 dy
996 3191 1141 3235 malitia,
1151 3190 1203 3241 fili
1213 3183 1482 3233 diaboli,inimice
1491 3192 1597 3230 omm's
1605 3191 1814 3244 iustitiamn
1828 3185 2118 3242 ceffluficbuertere

406 3247 488 3283 visu
506 3248 646 3283 Domini
664 3247 782 3284 remu!

442 3313 483 3353 ,1¹
529 3307 576 3340 Et
582 3315 671 3339 nunc
679 3315 747 3341 ecce
756 3316 874 3340 manus
883 3303 1023 3342 Domini
1023 3299 1126 3356 fitper
1137 3311 1172 3340 te
1181 3332 1192 3350 ,
1206 3299 1245 3346 &-
1256 3299 1317 3338 eni
1326 3312 1420 3337 caecus
1429 3326 1440 3342 ,
1449 3313 1518 3339 nm
1535 3301 1663 3340 videns
1670 3300 1776 3351 Jblem
1792 3301 1898 3354 vfijue
1915 3300 1963 3338 ad
1977 3309 2117 3352 tempus:

413 3356 568 3395 cominub
579 3369 689 3397 autem
700 3357 818 3397 cecidit
815 3357 917 3413 fiper
927 3372 1002 3397 eum
1012 3358 1113 3413 caligo
1122 3357 1161 3404 ’ἀ
1172 3354 1314 3396 tenebrae
1322 3384 1333 3402 ‚
1345 3354 1384 3400 ἀ·
1393 3357 1584 3396 cirtumiens
1595 3356 1758 3412 quaerebat
1766 3361 1824 3411 qui
1835 3371 1910 3395 eum
1931 3369 2032 3396 manu
2049 3355 2117 3392 du-

413 3418 534 3456 cerem.

413 3476 430 3498 ¹
457 3478 497 3506 12
539 3471 636 3504 Tunc
641 3467 954 3521 videm‚Proconfi1l
959 3468 1053 3521 quod
1059 3465 1668 3522 acciderat,credidit,admiransfhper
1679 3467 1832 3507 dedeina
1842 3469 1991 3506 Domini.

474 3567 576 3598 Eum
585 3577 595 3599 t
605 3565 620 3598 Ξι
629 3567 735 3609 Spiritu
743 3569 863 3610 sancio.)
875 3567 960 3602 Nulla
970 3566 1018 3602 hic
1027 3566 1180 3601 eleffionis
1187 3567 1224 3603 ab
1235 3567 1352 3602 ecclesia
1361 3566 1436 3613 facte
1447 3571 1561 3605 mentio
1569 3589 1580 3605 ,
1589 3568 1656 3611 quia
1665 3569 1781 3602 vocatio
1797 3566 1912 3611 prorsus
1929 3566 2028 3599 diuina
2046 3575 2114 3596 erut.

2001 3619 2118 3642 tantum
