2310 3841
341 161 398 212 ηε
900 150 972 194 iu
1031 153 1238 195 ACTA
1303 131 1564 195 APO‘ST.

352 238 415 260 non
425 223 541 268 prorsus
551 223 613 257 sunt
622 221 774 265 desperati.
807 218 1081 264 Alijverbsupetbe
1096 220 1262 264 respuendo
1278 222 1361 264 qnod
1377 220 1498 254 offertur
1509 239 1518 255 ‚
1536 219 1599 252 iinb
1616 217 1832 251 contumeliose
1848 217 2087 255 damnando,ia-

355 284 445 304 nuam
455 267 550 302 salutis
561 269 613 301 fibi
624 269 814 311 praecludunt.
847 270 923 298 Nam
934 267 1091 309 exingenti
1101 267 1171 300 sastu
1182 266 1279 308 erupit
1288 269 1346 298 hoc
1357 267 1523 298 conuitium
1535 287 1544 302 ,
1561 264 1644 304 Qid
1655 263 1708 295 sibi
1727 263 1788 296 vult
1804 263 2006 307 spermologus
2022 266 2084 296 iste?

357 317 440 356 Qia
451 327 547 358 neque
558 314 657 346 audire
667 313 825 355 dignantur
833 311 957 342 Paulum
968 332 977 345 ,
989 315 1020 343 δε
1029 312 1247 343 contumeliose
1255 314 1410 352 repudiant
1420 332 1429 346 ,
1439 322 1472 341 ac
1484 309 1500 339 si
1513 310 1655 351 quispiam
1665 308 1788 340 triuialis
1798 308 1867 340 esset
1879 320 2013 351 nugator.
2024 310 2085 341 Ad-

355 361 393 392 de
403 361 483 402 qubd
494 371 554 391 non
564 357 779 390 inconsiderato
788 356 854 387 zelo
864 356 1026 388 abhorrent
1035 357 1073 388 ab
1084 356 1148 388 eius
1156 356 1348 388 doftrinazsed
1356 366 1391 387 ex
1405 353 1529 397 professo
1539 355 1651 386 calcant
1662 352 1743 395 quod
1753 354 1790 385 de
1800 354 1946 395 religione
1956 352 2085 389 affertur,

355 405 426 437 licet
435 406 531 437 adhuc
540 403 736 446 incognitum:
744 402 812 443 quia
820 401 912 443 pudet
926 410 960 432 ex
969 401 1093 433 homine
1103 401 1229 432 obscuro
1238 400 1395 443 quicquam
1405 398 1527 435 discere,
1536 400 1585 441 qui
1595 394 1622 429 sc
1632 398 1773 429 hactenus
1789 398 1906 441 gloriati
1916 396 2028 430 fucrant
2039 409 2087 431 to-

356 451 416 482 tius
426 447 482 481 effe
492 450 573 480 orbis
583 447 744 490 magistros.

411 499 439 526 N
452 508 470 525 o
486 506 502 526 v
514 507 531 524 o
546 505 563 523 rt
575 505 591 523 v
604 505 624 523 Μ
653 503 672 522 1>
687 504 709 521 a
726 503 746 521 m
760 504 778 522 o
792 502 809 522 Ν
822 502 832 521 1
845 502 862 521 o
877 503 892 521 rr
905 501 954 522 vm
984 501 1001 520 Α
1015 501 1034 520 u
1049 501 1068 520 η
1082 501 1099 519 v
1116 501 1134 519 u
1149 500 1188 520 Ti
1206 500 1223 518 A
1235 489 1277 519 τό
1289 488 1339 528 κ.)
1374 487 1633 519 Daemonianonin
1644 486 1749 518 malam
1761 487 2087 529 parremaccipiurit,vt

357 540 504 581 Scriptura
514 539 596 570 solet:
608 537 654 568 sed
663 548 716 579 pro
727 535 780 567 diis
789 536 954 567 minoribus
963 545 1011 565 aut
1020 536 1125 564 Geniis
1135 543 1227 575 ‚quos
1237 532 1397 564 censebant
1407 534 1484 564 inter
1494 532 1553 575 stim
1560 541 1638 561 mum
1654 533 1752 562 Deum
1766 534 1795 563 δι
1809 532 1948 563 homines
1958 530 2014 563 effe
2025 543 2090 564 mee·

356 585 436 619 dios,
448 593 573 624 quorum
585 581 676 614 multa
685 579 808 613 subinde
819 580 850 612 fir
859 580 975 611 mentio
987 577 1063 620 apud
1071 578 1239 609 Platonem.
1271 579 1426 615 Qanrum
1435 578 1469 609 ad
1479 576 1618 608 summam
1628 577 1668 606 rei
1681 575 1798 617 speftat,
1808 576 1971 608 notandum
1984 577 2025 608 est
2035 586 2091 608 no-

359 638 395 659 ua
403 628 458 659 illis
468 627 608 658 daemonia
619 626 723 659 videri,
734 636 796 667 qua:
806 625 912 656 Paulus
924 623 960 654 de
970 622 1087 654 Christo
1099 625 1129 654 δι
1140 620 1349 654 resurrectione
1359 622 1562 654 dixerat-vnde
1574 621 1754 662 colligimus,
1767 622 1811 651 his
1821 621 1944 653 maxime
1955 622 2036 653 notis
2046 622 2091 653 di-

358 672 448 704 scerni
457 672 546 703 fidem
556 671 681 702 nostram
691 671 707 702 a
715 670 855 701 Gentium
865 668 1130 710 superstitionibus,
1140 667 1222 709 qu‘od
1231 668 1370 708 proponit
1379 667 1525 698 Christum
1537 677 1624 697 vnum
1637 665 1843 697 Mediatorem:
1854 665 1935 707 qubd
1947 666 1983 697 ab
1995 678 2032 697 eo
2043 665 2090 697 so-

360 716 391 747 lo
401 717 559 758 petendam
570 714 627 747 effe
637 713 755 747 salutem
768 715 873 745 docet.-
884 713 964 755 qnbd
978 715 1007 743 in
1028 713 1090 743 eius
1107 722 1202 742 morte
1220 712 1419 753 expiationem
1438 720 1564 752 quaerere
1583 711 1689 746 iubet,
1700 721 1755 752 qua
1772 711 1996 742 reconciliemur
2009 713 2089 742 Deo:

361 762 443 803 qubd
454 762 560 802 Spiritu
572 762 635 792 eius
645 760 777 791 renouari
787 769 819 790 ac
831 758 934 800 refingi
951 757 1089 788 homines
1099 757 1188 788 docet
1199 777 1208 790 ‚
1219 759 1268 798 qui
1290 757 1356 788 ante
1369 755 1484 798 profani
1505 765 1586 786 erant
1597 757 1627 786 δε
1639 765 1762 794 peccato
1772 753 1927 796 mancipari
1939 777 1948 792 ,
1969 765 2000 787 vt
2018 756 2092 788 iuste

361 804 518 848 sancteque
528 807 630 838 viuere
640 805 794 846 incipiant.
805 803 914 835 deinde
923 803 1005 844 quod
1016 801 1031 831 ὲ
1040 802 1148 833 talibus
1159 802 1286 832 exordiis
1298 803 1406 843 quibus
1416 800 1561 843 spirituale
1573 798 1629 830 ess‘e
1638 801 1695 830 Dei
1706 810 1829 841 regnum
1841 800 2090 836 constat,tandem

361 850 391 882 in
403 850 481 892 spem
494 850 593 882 suturae
602 848 819 881 resurreetione
831 857 945 879 mentes
956 847 1064 878 nostras
1073 847 1196 880 attollit,
1205 857 1269 876 nam
1281 846 1317 876 de
1329 845 1392 877 aliis
1403 846 1453 877 etsi
1466 856 1524 875 non
1537 844 1607 885 pure
1626 842 1761 875 disserant
1772 844 1944 885 Philosophi
1955 864 1966 879 ‚
1975 844 2090 885 aliquid

360 905 460 927 tamen
469 895 628 937 attingunt.
637 894 799 935 quinetiam
812 893 848 924 de
860 893 919 924 vita
927 895 1072 923 aeterna&
1083 890 1306 922 immortalitate
1321 891 1423 922 animae
1434 892 1540 920 multus
1549 888 1625 930 apud
1636 899 1688 918 eos
1699 887 1802 919 sermo.
1820 891 1857 919 de
1874 889 1932 920 fide
1944 888 2015 921 verb
2027 897 2090 931 qua!

356 941 514 982 gratuitam
526 941 554 970 in
566 939 685 971 Christo
694 938 969 970 reconciliationem
979 936 1116 967 ostendit:
1128 939 1157 968 &-
1168 936 1392 979 regeneratione
1404 957 1413 971 ,
1423 947 1477 976 qna
1486 935 1609 976 Spiritus
1619 932 1731 964 sanstus
1747 934 1909 976 imaginem
1919 934 1978 965 Dei
1992 934 2024 965 in
2034 944 2092 965 no-

357 985 404 1016 bis
413 986 559 1017 instaurat:
570 986 605 1015 de
615 984 804 1016 inuocatione
815 984 884 1017 Dei,
893 981 930 1013 de
941 982 1043 1012 vltima
1053 980 1275 1015 resurrefflone,
1285 990 1459 1021 perpetuum
1468 978 1613 1010 silentium
1621 999 1629 1008 .

402 1041 432 1066 19
475 1033 500 1061 A
511 1042 531 1060 D
559 1041 580 1060 M
595 1042 610 1059 A
624 1041 667 1059 nr
679 1039 716 1060 iv
727 1039 747 1058 Μ
776 1040 792 1058 ν
803 1039 812 1057 r
827 1039 844 1057 c
859 1037 874 1055 v
890 1038 910 1056 u
938 1037 957 1056 n
971 1038 987 1055 v
1000 1038 1017 1056 x
1029 1036 1044 1055 ε
1063 1036 1079 1054 it
1091 1037 1108 1056 v
1120 1036 1138 1054 n
1153 1037 1181 1055 ¹r.
1202 1026 1214 1066 )
1235 1024 1362 1056 Tametsi
1381 1024 1517 1055 iudiciale
1531 1021 1628 1053 forum
1640 1032 1701 1054 erat
1717 1043 1726 1057 ‚
1745 1032 1807 1052 non
1826 1031 1926 1053 tamen
1947 1021 2090 1064 significat

358 1077 449 1106 Lucas
461 1075 585 1105 tractum
597 1075 626 1104 in
639 1075 682 1104 ius
691 1069 773 1103 fuisse
783 1071 905 1102 Paulum
918 1092 926 1104 ,
938 1080 967 1100 vt
977 1071 1088 1100 causam
1101 1070 1212 1100 diceret
1225 1079 1324 1101 coram
1336 1069 1541 1111 Areopagitis:
1555 1067 1602 1098 sed
1613 1068 1681 1098 illuc
1691 1065 1772 1097 fuisse
1784 1066 1955 1102 adductum,
1968 1069 2018 1097 vbi
2029 1079 2092 1100 ma-

357 1119 403 1150 ior
413 1119 524 1150 solebat
535 1117 590 1149 esse
601 1117 702 1158 populi
712 1115 878 1157 frequentia
888 1134 898 1148 ,
909 1124 939 1144 vr
952 1114 1069 1155 publice
1079 1115 1107 1144 in
1119 1114 1231 1145 celebri
1241 1124 1390 1145 conuentu
1403 1113 1470 1144 seria
1482 1114 1639 1144 haberetur
1648 1110 1813 1152 disputatio.
1835 1113 1934 1152 Atque
1944 1122 1973 1142 vt
1985 1113 2092 1144 demus

356 1164 478 1196 duflum
489 1161 568 1194 fuisse
579 1163 702 1193 Paulum
712 1161 747 1191 ad
756 1160 895 1191 tribunal·-
906 1159 999 1191 exitus
1009 1169 1107 1190 tamen
1117 1158 1243 1190 ostendit
1255 1169 1316 1190 non
1331 1157 1412 1190 fuisse
1430 1158 1564 1189 oblatum
1583 1156 1733 1186 iudicibus
1746 1175 1754 1189 ‚
1773 1156 1819 1186 led
1835 1155 1928 1186 libere
1943 1156 2020 1197 quasi
2033 1168 2091 1198 pro

357 1210 505 1240 concione
516 1203 722 1237 locutum‘effe.
747 1203 905 1238 Caeterum,
915 1205 996 1246 quod
1008 1203 1097 1245 paulo
1107 1203 1170 1245 pbst
1182 1203 1332 1236 subiicitur
1342 1203 1378 1234 de
1387 1213 1486 1234 natura
1497 1204 1527 1233 &
1540 1200 1672 1233 moribus
1682 1199 1984 1235 Athenienfium‚satis
1993 1202 2092 1234 osteri-

359 1254 403 1285 dit
415 1251 610 1284 curiositatem
620 1260 722 1282 eorum
732 1247 814 1280 fuisse
824 1249 853 1279 iri
866 1248 957 1283 causa,
968 1259 998 1280 vr
1008 1248 1074 1279 talis
1084 1248 1231 1279 audientia
1239 1248 1357 1280 daretur
1368 1248 1471 1279 Paulo:
1483 1257 1512 1278 vt
1525 1257 1583 1276 ram
1595 1245 1722 1276 celebris
1733 1244 1818 1275 locus
1836 1245 1877 1275 illi
1888 1245 1923 1275 ad
1936 1248 2092 1286 praedicari.

360 1297 430 1328 dum
443 1296 591 1327 Christum
601 1305 722 1337 pateret:
731 1303 762 1325 vt
772 1304 830 1324 tam
842 1293 927 1324 multi
939 1302 1197 1324 accurrerenmam
1207 1293 1276 1323 alibi
1287 1293 1398 1324 crimen
1409 1290 1504 1323 fuisset
1513 1289 1755 1332 capitale,eoaCio
1764 1289 1867 1330 populi
1878 1300 1961 1320 coetu
1970 1292 2092 1322 concio-

362 1343 423 1373 nari
433 1342 461 1371 in
471 1340 537 1371 foro
546 1340 594 1371 vel
603 1340 674 1372 loco
684 1338 817 1379 publico.
838 1337 903 1368 [llic
912 1337 982 1369 verb
993 1337 1060 1379 quia
1069 1338 1109 1368 ob
1119 1337 1315 1368 immodicum
1326 1337 1468 1368 nouitatis
1479 1335 1604 1367 studium
1616 1336 1737 1376 patebat
1752 1334 1934 1376 nugigerulus
1942 1337 2090 1377 garriendi

360 1385 490 1418 licentia:
502 1385 593 1416 Paulo
604 1385 668 1417 data
678 1383 865 1415 fuitlibertas
875 1393 905 1413 vt
914 1383 950 1413 de
962 1381 1030 1413 fidei
1042 1381 1184 1423 mysteriis
1195 1393 1313 1424 rogatus
1324 1381 1484 1412 dissereret.

417 1433 444 1461 A
459 1442 477 1461 n
509 1442 526 1460 u
541 1442 552 1460 1
568 1440 586 1460 ii
600 1441 612 1460 1
624 1442 640 1461 1,
668 1439 684 1458 Α
701 1441 715 1460 r.
728 1440 739 1458 1
750 1439 766 1460 v
779 1439 799 1458 D
824 1439 841 1459 v
855 1440 871 1457 A
884 1438 901 1457 c
918 1439 933 1457 Α
947 1439 962 1457 1³
977 1439 993 1457 A
1010 1439 1027 1457 n
1042 1438 1072 1457 τ.
1086 1429 1099 1469 )
1111 1428 1182 1457 Duo
1195 1427 1262 1457 vitia
1274 1437 1336 1468 quae
1347 1425 1476 1458 recenset
1486 1428 1578 1456 Lucas
1589 1445 1597 1459 ,
1608 1421 1753 1465 perpetuo
1765 1421 1826 1454 fere
1838 1420 1919 1454 simul
1933 1424 2091 1459 cohaerent.

360 1474 527 1506 Rarbenim
539 1473 698 1516 contingit,
712 1483 744 1504 vt
754 1472 803 1514 qui
815 1482 910 1503 rerum
921 1481 1064 1503 nouarum
1075 1472 1172 1512 cupidi
1182 1469 1257 1506 sunt,
1268 1482 1328 1502 non
1341 1471 1393 1502 sint
1404 1470 1493 1501 iidem
1506 1472 1536 1502 ὅ(
1547 1467 1663 1511 garruli.
1674 1467 1851 1499 verissimum
1866 1468 1952 1499 renim
1965 1468 2005 1500 est
2017 1470 2092 1502 illud

360 1520 487 1562 Horatij‚
495 1518 806 1557 PercunHatw-emfugi'eo,
816 1518 996 1555 namgarrulus
1004 1518 1070 1547 idem
1080 1517 1119 1554 est.
1140 1517 1174 1546 Er
1183 1515 1262 1546 cerr}
1272 1515 1408 1547 videmus
1419 1513 1548 1546 curiosos
1557 1513 1663 1543 similes
1671 1510 1727 1542 ess'e
1736 1511 1824 1542 doliis
1834 1511 1964 1552 pertusis.
1978 1524 2093 1545 vtrum-

360 1574 419 1606 que
428 1564 517 1606 porto
528 1565 630 1595 vitium
641 1573 675 1594 ex
683 1562 747 1593 otio
757 1571 858 1592 natum
868 1570 999 1591 eratznon
1009 1559 1121 1590 tannim
1133 1561 1200 1601 quia
1212 1559 1382 1600 Philosophi
1393 1557 1565 1599 disputando
1574 1566 1654 1587 toros
1665 1557 1726 1586 dies
1736 1556 1880 1587 terebant:
1891 1556 1937 1587 sed
1947 1567 1966 1598 q
1974 1559 2019 1590 uia
2028 1558 2092 1591 vult.

361 1609 514 1650 gusipsum
525 1607 656 1640 nimisad
665 1617 710 1638 res
726 1615 817 1636 nouas
825 1603 958 1646 procliue
968 1612 1112 1634 erat2nec
1131 1603 1280 1644 quisquam
1300 1614 1360 1633 erat
1376 1613 1435 1634 tam
1447 1600 1579 1631 sordidus
1590 1600 1650 1630 illic
1669 1597 1787 1639 opifex,
1800 1600 1920 1640 quinon
1936 1600 1962 1631 se
1973 1604 2092 1643 ingere>-

361 1662 407 1684 ret
418 1653 454 1684 ad
463 1653 656 1684 ordinandum
667 1648 904 1681 Graeciaestatum.
938 1649 973 1679 Et
985 1647 1064 1678 cette
1073 1647 1154 1688 quod
1166 1644 1214 1678 hic
1225 1646 1298 1678 dicit
1310 1650 1398 1677 Lucas
1409 1667 1417 1681 ‚
1432 1656 1491 1677 vno
1500 1643 1637 1676 consensu
1655 1649 1794 1674 testantur
1805 1654 1910 1675 omnes
1919 1643 1979 1677 fere
1996 1647 2092 1678 Giaeci

359 1694 515 1737 Latinique
523 1695 689 1736 scriptores,
700 1692 772 1725 nihil
780 1693 827 1725 vel
838 1691 972 1733 cupidius
981 1713 991 1727 ,
1003 1690 1050 1722 vel
1061 1690 1168 1726 leuius,
1177 1691 1223 1722 vel
1233 1693 1399 1732 proreruins
1409 1690 1461 1720 illo
1472 1688 1596 1731 populo.
1629 1687 1836 1726 Quamobrem
1848 1698 1995 1731 nunquam
2010 1693 2040 1722 in
2054 1701 2090 1723 ea

357 1740 443 1777 vrbe,
453 1751 515 1782 quae
525 1750 624 1772 tamen
636 1738 820 1770 scientiarum
831 1737 965 1767 omnium
975 1735 1108 1777 magistra
1117 1744 1189 1769 erat,
1200 1745 1313 1766 certum
1323 1735 1422 1775 potuit
1443 1733 1580 1764 constitui
1599 1741 1741 1772 regimen.
1762 1735 1865 1772 Itaque
1876 1733 1906 1762 in
1917 1735 2028 1766 summa
2037 1746 2094 1776 po.

356 1786 460 1820 tentia,
471 1796 530 1815 nori
541 1794 638 1815 tamen
651 1782 787 1813 diuturna
807 1779 992 1811 fuitlibertas
1003 1786 1010 1807 :
1021 1788 1117 1819 neque
1133 1788 1262 1818 vnquarn
1281 1778 1429 1820 satagendi
1441 1779 1470 1809 &
1487 1775 1686 1808 tumultuandi
1705 1775 1828 1806 modum
1839 1775 1985 1813 fecerunt,
1994 1778 2095 1811 donec

357 1827 385 1860 se
395 1832 529 1860 &totam
541 1828 681 1858 Graeciam
691 1825 858 1867 perderent.
891 1823 994 1854 Rebus
1001 1822 1089 1854 etiam
1100 1821 1232 1863 collapsis
1241 1833 1301 1854 non
1312 1822 1483 1853 destiterunt
1493 1819 1563 1851 asna
1573 1819 1702 1852 audacia.
1711 1819 1780 1850 ideo
1791 1822 1902 1851 Cicero
1913 1832 2015 1853 eornm
2025 1823 2096 1855 stul-

358 1874 453 1905 titiam
463 1872 551 1906 ridet‚
561 1871 643 1913 qubd
652 1881 712 1902 non
722 1869 820 1900 minus
829 1867 969 1900 ferociter
979 1867 1099 1898 decreta
1115 1865 1161 1898 sua
1177 1876 1248 1898 tunc
1267 1866 1397 1898 edebant
1408 1888 1416 1902 ‚
1434 1865 1521 1908 quarn
1539 1864 1605 1896 cum
1617 1865 1735 1894 Graeciae
1753 1865 1879 1905 imperio
1891 1866 2095 1905 potiebantur*

358 1920 420 1949 Iam
431 1916 481 1948 etsi
493 1918 570 1948 inter
577 1916 715 1946 homines
726 1912 857 1945 curiosos
867 1914 971 1956 exigua
981 1922 1042 1943 erat
1055 1909 1117 1952 spes
1126 1909 1294 1952 profectus:
1313 1911 1422 1943 Paulus
1433 1921 1531 1942 tamen
1550 1908 1733 1942 occasionem
1754 1920 1813 1940 non
1825 1911 1955 1951 neglexit
1966 1930 1975 1945 ,
1984 1912 2000 1942 fi
2012 1923 2091 1954 quos

358 1961 435 1994 forte
446 1972 478 1992 ex
487 1971 591 2003 magna
600 1959 686 1992 turba
695 1955 865 1990 lucrifacere
875 1957 993 1988 Christo
1003 1954 1162 1998 poffet.nec
1172 1956 1243 1988 verb
1258 1956 1316 1988 haec
1326 1953 1514 1998 vulgarisfuit
1524 1953 1676 1996 Euangelii
1687 1953 1822 1996 gloria,in
1831 1953 1900 1985 loco
1910 1956 1992 1987 vrbis
2001 1958 2092 1989 nobi-

360 2007 477 2042 nmmo,
489 2009 521 2038 &
529 2005 607 2048 quafi
616 2004 733 2037 theatro
741 2003 894 2035 communi
902 2000 1039 2035 refellere
1048 2003 1079 2033 ὂε
1087 2000 1182 2044 palam
1192 2011 1352 2044 coarguere
1362 2000 1483 2032 fietitios
1492 2009 1597 2032 omnes
1604 1999 1684 2030 cultu
1690 2000 1768 2042 s,qui
1775 2000 1811 2032 ad
1821 1999 1900 2033 hunc
1910 1999 1998 2044 vsque
2008 2002 2091 2035 diem

359 2052 421 2084 illic
431 2059 635 2095 regnauerant.

401 2157 449 2181 22
497 2145 601 2178 Stans
610 2148 723 2178 autem
731 2139 768 2176 in
777 2134 890 2177 medio
900 2137 1047 2190 marty
1055 2136 1139 2185 vici,
1150 2137 1211 2179 ait,
1221 2137 1306 2176 Viri
1313 2132 1564 2187 atheniensis
1573 2163 1582 2180 ‚
1590 2143 1651 2188 per
1658 2133 1774 2172 omnia
1783 2130 2091 2188 quastfiaperstitioe

351 2196 458 2250 fiores
469 2211 534 2235 vos
547 2196 664 2235 video.
947 2196 951 2198 ’

383 2273 385 2276 ·
417 2268 438 2292 2
442 2266 457 2302 3
491 2254 686 2291 Pmteriens
695 2252 788 2289 enim
799 2247 838 2295 ἀ
850 2249 1077 2303 contemplans
1087 2248 1270 2302 religiones
1280 2247 1422 2301 vestras,
1435 2249 1554 2286 inueni
1565 2245 1604 2292 ἀ
1613 2259 1707 2285 aram
1716 2247 1755 2285 in
1765 2256 1833 2299 qua
1832 2243 1994 2300 scriptum
2004 2258 2089 2296 erat,

361 2316 476 2367 Ignoto
488 2316 572 2346 Deo.
583 2313 700 2360 Qem
710 2309 815 2360 igitur
821 2309 1017 2359 ignorantes
1022 2305 1143 2351 touta,
1154 2306 1243 2343 hunc
1249 2319 1308 2360 ego
1318 2306 1484 2342 annuntio
1492 2302 1599 2342 vabre.
1655 2323 1681 2327 x

403 2381 456 2414 24
503 2372 595 2402 Deus
606 2365 665 2416 qui
665 2359 747 2414 fecit
756 2360 976 2408 mundum&
989 2363 1102 2399 omm'a
1112 2375 1181 2414 qnae
1192 2364 1230 2400 in
1239 2376 1277 2400 eo
1278 2358 1374 2414 sitm,
1387 2358 1441 2398 hic
1450 2359 1516 2398 caeli
1525 2359 1564 2404 ῤ’
1575 2370 1670 2397 terra
1679 2357 1830 2412 quamsit
1839 2361 2092 2408 Dominus,non

318 2442 327 2458 ε
362 2423 399 2460 in
410 2417 609 2473 manufac‘lis
618 2417 748 2472 templis
758 2415 904 2455 habitat:
1234 2419 1240 2426 '
1387 2421 1388 2435 ³

419 2491 461 2527 25
506 2483 587 2525 Qec
594 2473 748 2513 manibus
756 2471 911 2512 humana}
920 2471 1039 2510 colitur
1046 2470 1208 2525 indigens
1227 2472 1351 2524 aliquo}
1363 2467 1434 2509 crim
1444 2468 1506 2523 ipse
1524 2468 1582 2507 det
1595 2469 1747 2510 omnibns
1766 2475 1880 2511 vitam
1895 2470 1935 2517 ἀ*
1945 2470 2090 2513 halitum

363 2545 424 2588 per
433 2546 556 2572 omma.

424 2645 455 2663 22
486 2633 531 2662 Vr
543 2643 559 2662 a
572 2642 583 2662 1
611 2642 628 2661 Δ
641 2640 659 2661 ἰ-
672 2641 691 2661 i-i
703 2640 719 2660 ε
733 2638 751 2659 n
762 2639 772 2658 1
784 2636 800 2659 r.
815 2640 833 2659 n
849 2639 861 2657 s
876 2639 892 2659 ii
907 2628 954 2667 s.)
975 2628 1165 2660 Concionern
1176 2626 1251 2658 hanc
1261 2626 1342 2658 Pauli
1357 2627 1386 2658 in
1397 2627 1528 2670 quinque
1545 2626 1676 2658 memora
1694 2625 1791 2667 partiri
1810 2627 1889 2662 licet.
1920 2628 2047 2661 Tametsi
2057 2640 2087 2661 e.-

371 2677 433 2708 nim
444 2677 574 2710 breuiter
582 2674 694 2707 tantum
705 2674 804 2715 attigit
815 2676 915 2706 Lucas,
924 2681 986 2713 quae
996 2671 1045 2703 ille
1055 2672 1155 2704 multis
1164 2671 1262 2703 verbis
1273 2670 1409 2703 disseruit:
1421 2672 1559 2703 summam
1571 2681 1669 2702 tamen
1679 2671 1866 2711 complexum
1875 2673 1958 2706 fuisse
1967 2685 2025 2705 non
2036 2675 2090 2705 du·

371 2721 449 2752 bito:
459 2732 490 2752 vt
499 2720 612 2751 nullutn
624 2729 657 2749 ex
665 2718 817 2760 praecipuis
833 2717 977 2757 capitibus
988 2717 1204 2758 pretermiserit.
1234 2714 1364 2747 Primum
1376 2716 1583 2757 superstitionis
1600 2715 1743 2746 insimulat
1762 2717 1869 2749 Paulus
1885 2716 2092 2755 Athenienses,

371 2766 453 2807 qubd
463 2767 535 2797 deos
543 2764 606 2795 suos
617 2762 744 2794 fortuito
752 2761 859 2793 colant.
868 2760 976 2792 deinde
986 2762 1166 2794 naturalibus
1175 2762 1352 2803 argumentis
1362 2762 1428 2803 quis
1446 2763 1478 2793 δι
1487 2760 1580 2802 qualis
1589 2758 1622 2790 sit
1631 2762 1712 2791 Deus
1722 2759 1849 2794 ostendit
1858 2785 1867 2799 ,
1884 2766 1914 2795 δε
1924 2774 1985 2804 quo
1995 2763 2088 2795 modo

371 2810 426 2841 rite
436 2809 558 2841 colatur.
592 2807 708 2843 Tertio,
718 2806 869 2838 inuehitur
878 2806 908 2836 in
918 2804 1073 2838 hominum
1084 2806 1228 2848 stuporem
1239 2817 1245 2835 :
1258 2805 1308 2846 qui
1319 2805 1387 2837 cum
1398 2807 1427 2837 in
1439 2806 1517 2836 hunc
1527 2805 1615 2835 finem
1628 2805 1715 2835 creati
1734 2805 1786 2836 sint
1798 2828 1806 2842 ,
1816 2817 1846 2838 vt
1857 2807 1993 2848 opificem
2005 2818 2037 2838 ac
2047 2801 2096 2838 fal

372 2853 484 2885 (torem
493 2853 572 2885 suum
583 2852 739 2895 agnoscant
748 2871 756 2885 ‚
766 2852 906 2882 oberrant
915 2860 1012 2882 tamen
1026 2850 1103 2892 quasi
1114 2851 1179 2883 caeci
1190 2851 1218 2880 in
1235 2849 1489 2892 tenebris.quarrb
1498 2872 1506 2885 ‚
1515 2850 1655 2880 admonet
1665 2848 1742 2879 nihii
1756 2849 1812 2881 effe
1823 2851 1973 2882 absurdius
1983 2852 2088 2892 ,quam

370 2899 467 2928 Deum
475 2897 573 2929 statuis
584 2897 629 2928 vel
640 2896 762 2938 pisturis
770 2895 894 2937 figurare
903 2916 912 2930 ,
921 2893 987 2925 cum
998 2906 1081 2926 mens
1095 2894 1222 2928 hominis
1229 2904 1297 2924 vera
1309 2893 1340 2925 sit
1352 2895 1413 2925 eius
1424 2895 1542 2937 imago:
1560 2893 1680 2925 tandem
1692 2892 1726 2923 ad
1745 2895 1892 2927 Christum
1904 2899 1934 2928 ec
1952 2906 2091 2927 mortuo·

370 2951 434 2973 rum
443 2942 680 2973 resurrectionem
691 2941 794 2982 quinto
803 2941 871 2970 loco
881 2938 1038 2971 descendit.
1061 2941 1196 2980 Qatuor
1206 2939 1284 2971 enirn
1294 2937 1343 2969 illa
1354 2939 1444 2981 capita
1455 2938 1618 2982 generatim
1628 2937 1749 2969 tractare
1766 2949 1861 2981 operae
1877 2941 2003 2983 pretium
2019 2939 2086 2975 fuir,

370 2995 526 3026 antequam
535 2986 570 3016 ad
581 2984 823 3027 fidemEuangelii
835 2982 1032 3015 descenderet.
1943 2983 1945 2986 ⁴

424 3029 484 3069 Q
497 3042 513 3059 Α
529 3040 541 3056 n
559 3040 569 3059 i
604 3041 616 3059 s
633 3041 649 3060 v
664 3040 679 3058 p
694 3039 711 3059 ι
725 3040 744 3059 iz
761 3040 773 3058 s
791 3041 808 3059 τ
822 3040 833 3059 i
844 3040 862 3059 τ
873 3038 883 3058 i
897 3040 916 3057 ο
933 3040 944 3057 s
962 3039 998 3059 io
1012 3041 1030 3059 R
1041 3038 1058 3060 ε
1072 3029 1119 3068 s.)
1144 3023 1348 3067 Δώωέὲιιμονίειυ
1358 3027 1449 3057 Graeci
1460 3025 1567 3068 saepein
1578 3025 1686 3057 bonam
1699 3036 1809 3067 partem
1821 3027 1976 3069 accipiunt.
1995 3028 2088 3062 inter-

370 3073 441 3105 dum
453 3083 551 3104 tamen
563 3072 754 3104 immodicum
766 3081 877 3104 metum
895 3071 1124 3115 signifieat‘‚quo
1137 3072 1165 3104 se
1175 3071 1402 3112 anxierorquent
1421 3070 1604 3112 superstitiosi
1624 3072 1760 3102 homines
1772 3093 1781 3108 ,
1792 3072 1861 3103 dum
1874 3071 1927 3102 fibi
1944 3071 2091 3107 fabricant

373 3119 475 3150 inanes
484 3116 640 3158 scrupulos.
673 3116 777 3148 Sensus
785 3127 883 3149 autem
894 3116 980 3148 huius
989 3117 1049 3148 loci
1058 3118 1176 3150 videtur
1187 3117 1234 3148 hic
1244 3114 1300 3147 effe
1311 3137 1320 3150 ,
1330 3114 1410 3157 qubd
1421 3116 1541 3147 modum
1559 3116 1701 3147 excedant
1716 3114 1907 3147 Athenienses
1916 3116 1944 3146 in
1961 3119 2090 3150 colendo

373 3165 455 3196 Deo,
465 3162 509 3193 vel
520 3161 605 3203 quale
613 3171 688 3202 opus
697 3159 766 3191 esset
773 3171 1038 3202 temperamentum
1057 3172 1118 3192 non
1135 3170 1264 3193 teneant.
1273 3170 1305 3191 ac
1314 3157 1333 3190 fi
1345 3160 1453 3190 diceret
1466 3183 1474 3196 ,
1485 3159 1696 3191 inconsiderate
1712 3170 1764 3191 eos
1774 3158 1869 3191 facere
1877 3180 1886 3195 ,
1897 3160 1976 3201 qubd
1988 3161 2013 3194 se
2023 3161 2088 3195 fati-

379 3217 451 3250 gent
459 3210 510 3245 per
518 3205 660 3247 obliquos
669 3205 807 3237 circuitus
817 3227 826 3240 ,
836 3206 894 3236 hoc
903 3216 1044 3247 quantum
1054 3207 1089 3237 ad
1101 3216 1208 3237 vocem
1218 3203 1322 3246 spectat
1333 3215 1340 3234 ε
1352 3203 1388 3234 de
1397 3214 1426 3234 re
1438 3203 1474 3234 sic
1486 3204 1654 3235 habendum
1665 3203 1706 3234 est
1714 3223 1723 3237 ,
1741 3205 1857 3235 Omnes
1866 3205 2090 3238 Atheniensium

380 3251 476 3282 cultus
484 3251 601 3282 hat-„vna
611 3250 724 3280 ratione
736 3248 856 3280 vitiosos
865 3248 922 3281 esse
930 3249 1036 3290 probat
1047 3262 1054 3282 :
1066 3251 1134 3291 quia
1142 3250 1246 3282 incerti
1255 3246 1394 3290 quosnam
1404 3248 1502 3279 colere
1511 3248 1584 3279 deos
1594 3248 1721 3280 debeant
1730 3267 1740 3282 ,
1754 3246 1877 3280 fortuito
1886 3252 1916 3281 δι
1928 3250 2037 3286 temere
2045 3251 2091 3282 su-

380 3293 502 3333 scipiant
511 3294 748 3328 variosrimss&
757 3293 874 3334 quidem
885 3294 976 3324 modo
985 3303 1045 3325 non
1055 3295 1202 3326 adhibito.
1226 3296 1300 3324 Nam
1315 3287 1394 3334 qubd
1403 3292 1513 3333 ignotis
1520 3292 1575 3323 diis
1584 3292 1671 3324 altare
1681 3301 1839 3331 erexerant,
1849 3293 1959 3335 signum
1971 3287 2033 3326 erat
2045 3295 2097 3325 ni·-

381 3337 425 3368 hil
435 3337 508 3377 ipsos
516 3340 617 3370 tenere
623 3337 705 3370 certi.
715 3337 864 3368 habebant
873 3338 994 3380 quidem
1003 3338 1154 3380 ingentem
1164 3339 1287 3370 deorum
1299 3335 1427 3370 turbam,
1437 3336 1473 3367 de
1482 3336 1588 3378 quibus
1597 3335 1686 3367 multa
1694 3334 1910 3369 fabulabantur:
1919 3338 1966 3369 sed
1976 3339 2046 3371 dum
2055 3338 2090 3370 il.

383 3381 421 3412 lis
429 3382 599 3421 permiscent
608 3383 728 3424 ignotos
736 3383 820 3416 deos,
831 3380 888 3411 hoc
898 3381 960 3421 ipso
970 3379 1099 3414 fatentur
1109 3382 1181 3414 nihil
1191 3383 1227 3415 de
1238 3392 1303 3413 vera
1312 3380 1475 3412 Diuinitate
1483 3380 1509 3411 se
1519 3381 1628 3412 habere
1637 3391 1831 3422 compertum.
1855 3383 1948 3414 Porrb
1958 3383 2089 3426 quisquis

383 3424 444 3456 fine
452 3424 508 3455 vlla
519 3427 692 3457 certitudine
700 3429 797 3458 Deum
808 3426 879 3457 colit
890 3443 898 3457 2
907 3425 951 3455 sua
960 3425 1075 3457 tannim
1085 3427 1226 3469 figmenta
1236 3425 1309 3456 colit
1318 3425 1374 3454 Dei
1386 3425 1463 3454 loco.
1472 3426 1661 3465 quantumuis
1670 3423 1721 3454 fibi
1732 3425 1863 3465 placeant
1873 3427 1981 3458 creduli
1992 3439 1999 3457 :
2012 3427 2089 3459 nulla

383 3478 480 3501 tamen
492 3467 549 3498 sine
558 3468 674 3501 scientia
684 3474 714 3502 &
726 3472 849 3502 veritate
857 3469 961 3511 religio
972 3470 1019 3500 vel
1028 3472 1096 3501 Deo
1105 3470 1246 3511 probatur
1256 3488 1265 3503 ‚
1275 3469 1321 3500 vel
1330 3468 1421 3500 sancta
1431 3471 1461 3500 δι
1470 3467 1715 3512 legitimacenseri
1724 3469 1826 3501 debet.
1858 3471 1924 3501 Imb
1933 3481 2090 3512 quantum·

383 3514 429 3545 uis
438 3512 612 3554 superbiant,
620 3514 688 3556 quia
696 3525 794 3547 tamen
802 3511 930 3557 perplexi
940 3513 1050 3548 haerent
1059 3515 1091 3547 in
1099 3513 1155 3547 suis
1165 3513 1351 3547 conscientiis
1361 3511 1490 3552 ,necesse
1499 3513 1539 3546 est
1552 3512 1603 3546 suo
1610 3512 1736 3556 ipsorum
1755 3514 1866 3546 iudicio
1883 3515 2035 3548 conuictos
2045 3524 2090 3545 te-

1948 3558 2021 3591 neti.
2040 3559 2095 3591 Su-
